3202 5446
145 464 191 521 25
475 442 813 510 PHILOSOPHIAE
836 442 1109 511 NATURALIS
1213 442 1363 523 [Anors.
1378 456 1470 507 stre·

151 642 186 693 to
201 620 387 691 concursus:
414 618 487 683 dein
501 617 640 701 corporis
655 618 813 704 utriusque
831 631 934 682 motus
960 623 1031 703 (per
1045 616 1152 683 Corol.
1171 617 1233 699 11.)
1258 616 1452 705 meringum.

152 735 213 799 dus
229 745 276 799 est
292 734 325 794 in
337 728 427 806 duos,
443 748 542 790 unum
555 723 629 788 huic
643 725 738 811 pleno
747 725 1046 811 perpendicularem,
1062 723 1304 790 alterumeidem
1317 723 1452 809 puelle-

154 842 236 906 lum:
260 850 365 903 motus
379 845 483 899 eutem
497 832 647 916 paralleli,
673 845 838 918 propterea
851 832 937 919 quod
951 855 1083 917 corpore
1106 843 1201 920 agent
1213 832 1246 895 in
1261 854 1295 896 se
1317 830 1451 895 invicem

155 947 329 1013 seeundum
344 943 458 1007 lineum
477 940 551 1005 huic
576 938 670 1023 pleno
690 941 986 1026 perpendicularem,
1010 939 1164 1004 retinendi
1178 950 1250 1003 sunt
1271 938 1369 1003 iidem
1381 950 1453 1025 post

156 1054 359 1121 reflexionem
368 1062 460 1137 atque
469 1060 571 1125 antem
587 1060 618 1112 et
628 1049 762 1113 motibus
772 1048 1076 1134 perpendiculuribus
1084 1046 1267 1112 mutationes
1274 1046 1451 1133 aequulesin

157 1174 262 1248 portes
274 1158 442 1225 contrarias
456 1155 630 1220 tribuendae
645 1173 716 1220 sunt
730 1157 794 1236 sic,'
802 1170 836 1221 ut
850 1180 970 1221 summa
980 1156 1223 1241 conspirantium
1236 1152 1452 1219 esdifferentts

157 1268 387 1334 contrariorum
401 1276 525 1329 manent
539 1262 647 1328 eedem
661 1288 732 1351 quae
742 1265 837 1348 prius.
881 1265 935 1329 Ex
948 1262 1129 1351 hujusmodi
1143 1260 1363 1326 reflexionibus
1375 1260 1451 1325 oriri

158 1378 253 1441 etium
271 1374 371 1438 solent
384 1384 486 1436 motus
500 1371 663 1437 circulares
677 1393 843 1457 corporum
854 1373 936 1436 circe
949 1385 1055 1437 centra
1068 1370 1203 1456 pmprie.
1248 1367 1312 1435 Sed
1325 1367 1387 1433 hos
1400 1391 1450 1433 ca·

158 1507 210 1547 sus
222 1483 254 1545 in
269 1480 465 1568 sequentibus
479 1502 543 1544 non
558 1481 729 1561 considero,
746 1491 777 1545 et
790 1481 881 1544 nimis
891 1480 1021 1569 longum
1035 1492 1113 1545 esset
1126 1477 1231 1543 omnia
1237 1475 1450 1563 buospectau-

159 1591 203 1654 tiu
224 1590 445 1654 demonstrare.

591 1777 940 1846 COROLLARIUM
962 1775 1022 1842 lv.

162 1970 316 2035 Commune
323 1966 484 2052 grauitatis
502 1966 638 2030 Centrum
654 1968 701 2052 (⁰),
718 1988 868 2048 corporum
882 1967 1002 2028 duorum
1013 1966 1059 2029 orl
1067 1965 1211 2047 plurium,
1227 1962 1447 2029 seductionibus

202 2097 354 2156 nuperum
370 2075 489 2135 interce
499 2094 558 2134 nou
568 2083 662 2135 mutet
673 2083 778 2136 statum
789 2093 869 2135 suum
880 2073 925 2134 vel
937 2070 1030 2135 mettis
1039 2073 1085 2134 vel
1098 2071 1225 2155 quietis,·
1249 2080 1277 2132 et
1285 2082 1450 2153 propterea

201 2202 353 2262 corporum
368 2179 492 2241 omnium
508 2179 584 2242 inse
599 2188 695 2241 mutuo
716 2180 865 2263 agentium
880 2176 1022 2261 (excitetis
1035 2178 1197 2242 actionibus
1210 2186 1239 2241 e!
1259 2178 1450 2261 impedimen·

202 2288 242 2347 tis
256 2286 405 2362 externis)
425 2304 570 2347 commuue
586 2286 722 2349 Ceutmm
733 2285 896 2369 gravitatis
918 2286 964 2349 vel
982 2286 1102 2370 quiescit
1121 2285 1169 2349 vel
1185 2293 1312 2348 moedus
1332 2287 1391 2349 uui
1401 2308 1451 2351 ost·

202 2392 289 2453 uriter
310 2391 507 2454 indirectum.

200 2583 229 2629 nd
243 2585 264 2630 A
280 2585 310 2637 R,
327 2593 356 2631 ut
365 2583 470 2631 celeritas
481 2582 544 2647 globi
558 2586 586 2640 Β,
604 2583 634 2632 ad
645 2584 785 2633 celeritatem
850 2591 888 2637 59.
910 2587 948 2635 Ex
965 2587 1028 2635 hisee
1038 2586 1214 2635 definitionibus
1232 2583 1301 2633 l'act'le
1319 2584 1451 2651 colligitur.

160 2648 224 2711 glolsi
238 2651 274 2705 A;
290 2647 376 2711 globus
396 2651 417 2696 Α
437 2649 461 2696 in
475 2650 506 2706 tt,
522 2659 546 2696 et
566 2651 587 2698 B
602 2649 628 2695 in
646 2650 682 2703 M.
703 2650 786 2697 eodem
817 2652 922 2699 omnium
933 2652 1081 2706 circulorum.
1093 2651 1218 2712 ellipsium,
1229 2652 1375 2711 sphannim
1385 2662 1411 2701 et
1421 2654 1451 2701 u.

160 2724 264 2773 tempme
275 2713 410 2773 pervenient
421 2713 471 2777 (6).
503 2714 611 2776 Cumque
628 2714 658 2761 sit
681 2715 708 2761 tt
719 2715 785 2762 R:
816 2731 928 2777 gururum
939 2716 1074 2780 quorumvis
1083 2715 1233 2778 regularium,
1245 2724 1353 2763 centetum
1371 2719 1451 2780 graei-

161 2778 185 2827 Ε
200 2779 234 2832 ll,
247 2778 309 2839 globi
324 2778 349 2824 in
360 2790 449 2840 puncto
461 2779 490 2833 C,
508 2794 533 2825 ae
542 2778 627 2826 mutuis
643 2779 787 2841 contingent,
819 2781 873 2827 tutis
883 2780 947 2828 idem
956 2798 1006 2829 esse
1015 2797 1072 2829 cum
1087 2792 1167 2828 semro
1183 2778 1370 2842 magnitudin&
1379 2782 1453 2833 modi

160 2853 185 2890 et
195 2842 293 2903 planum
306 2844 326 2891 i·
342 2843 370 2898 L,
389 2843 419 2890 ad
430 2843 522 2890 redium
542 2844 566 2891 R
579 2844 606 2897 C,
623 2844 648 2889 in
659 2855 747 2905 puncto
760 2845 786 2897 C,
819 2854 897 2892 tamen
908 2846 987 2907 gravia
1002 2855 1163 2906 supponentur
1181 2845 1333 2906 homogcnsa.
1379 2846 1411 2895 ln
1422 2847 1452 2895 fl·

159 2906 482 2969 perpendiculuritcrductum
489 2917 616 2971 utrumque
626 2909 724 2971 globum
732 2922 788 2954 cou-
819 2909 885 2971 guris
891 2920 969 2956 eutem
978 2909 1147 2971 irregularibus,
1156 2908 1275 2955 communi
1283 2906 1388 2957 ductum
1396 2926 1452 2975 grs-

160 2972 244 3033 tinget.
279 2973 310 3028 Q„
321 2989 341 3020 e.
356 2974 377 3021 d.
821 2973 898 3020 vitetis
922 2974 1088 3022 diemetromm
1112 2972 1275 3021 intersectione
1298 2972 1453 3025 detundant

193 3036 229 3100 (ο)
246 3042 285 3085 5⁸.
300 3038 413 3085 Centrum
424 3038 542 3099 gravitatis
552 3037 654 3097 eorporis
664 3037 788 3100 cujusque.
821 3048 897 3098 potest
907 3049 1014 3086 centrum
1024 3037 1143 3101 gravitatia
1159 3037 1221 3101 (58).
1242 3037 1281 3085 Sic
1298 3036 1325 3083 in
1342 3039 1452 3101 quotins

160 3111 195 3149 est
205 3112 320 3162 punctum
331 3101 392 3149 intui
402 3102 511 3149 selextri
518 3103 717 3162 eorpuspo'situm,
729 3101 790 3148 circi
820 3102 1044 3166 parallelogrammo.
1056 3112 1162 3149 cenuum
1173 3100 1233 3148 illud
1244 3101 1269 3147 in
1280 3099 1383 3151 ducrum
1399 3102 1453 3153 dia-

160 3166 223 3229 quod
235 3165 340 3229 undique
350 3178 426 3228 partes
438 3167 461 3213 in
472 3166 601 3228 equilibsio
611 3170 745 3215 consistunt,
759 3165 791 3213 iu
821 3167 942 3229 genabum
950 3183 1064 3214 concursu
1075 3166 1177 3227 positum
1186 3177 1231 3225 αις
1247 3165 1273 3212 in
1283 3166 1405 3229 triangulo
1414 3184 1453 3218 re.

160 3229 216 3277 utsi
236 3246 278 3290 per
288 3232 332 3277 hoc
347 3242 462 3292 punctum
473 3230 571 3278 ducetur
581 3231 678 3290 plenum
690 3230 791 3291 ligurem
822 3230 910 3291 peritur
925 3230 950 3278 in
961 3231 1122 3279 intersectione
1132 3230 1232 3278 duarum
1243 3239 1359 3277 recurunt
1369 3248 1427 3296 qun
1436 3250 1453 3282 ι

160 3304 289 3356 utcumque
295 3311 383 3349 amns,
391 3296 493 3356 corporis
499 3294 786 3357 segmentequreutrinque
817 3296 910 3343 duolrtu
919 3296 1014 3359 angulis
1024 3295 1108 3343 ductu,
1120 3295 1194 3342 lutera
1204 3293 1298 3357 angulis
1308 3294 1356 3343 iilis
1372 3312 1451 3359 oppo-

160 3371 216 3407 sunt
231 3360 292 3406 circei
303 3359 400 3420 plenum
416 3359 474 3406 illud
486 3359 567 3407 lbnu
584 3358 785 3421 eequipondercnt3
817 3360 868 3415 site,
879 3370 1002 3422 totumque
1010 3358 1107 3421 proinde
1114 3359 1258 3422 triangulum
1268 3359 1385 3417 bituriam,
1394 3362 1453 3411 ude·

160 3424 179 3470 si
201 3424 274 3487 igitur
294 3440 323 3470 ex
345 3434 424 3471 centro
451 3424 568 3486 gratimus
589 3439 672 3484 corpus
693 3423 787 3486 aliquod
818 3432 878 3486 eque
889 3425 913 3471 in
924 3436 1001 3485 pertes
1017 3423 1231 3486 equipondcrantea
1251 3432 1337 3475 secem
1352 3424 1451 3489 inpe'u.

160 3488 320 3549 suspendetur.
343 3490 425 3536 dutum
446 3504 617 3551 quemcumque
637 3489 708 3535 situm
735 3488 790 3534 reti·
821 3490 923 3536 metibus
933 3488 1079 3551 escylindria,
1091 3498 1198 3535 centrum
1205 3487 1452 3551 gestitetiseatpuoe.

160 3554 232 3607 neirit,
244 3564 268 3599 et
278 3569 369 3613 semper
378 3554 487 3616 quiescet.
499 3553 518 3599 si
529 3552 602 3600 centri
613 3551 731 3615 gravitatis
749 3552 790 3598 de-
820 3562 872 3599 tum
890 3552 996 3601 medium
1008 3564 1078 3600 rectoe
1089 3552 1179 3599 basium
1196 3552 1355 3613 oppositurum
1369 3566 1453 3605 omn

159 3617 420 3679 sceneusimpediator3
438 3618 585 3665 undetotem
602 3616 789 3678 corporisgrsvi·
820 3618 1001 3680 conjungentis;
1018 3627 1041 3664 et
1094 3616 1185 3663 eralitcr
1193 3617 1217 3664 in
1225 3616 1335 3665 omnibus
1344 3621 1450 3681 cespati.

160 3690 232 3729 uum
243 3682 268 3729 in
279 3693 359 3729 centro
370 3682 489 3743 gravitatis
500 3681 598 3729 locatum
617 3681 711 3743 lingunt
731 3680 785 3727 Me-
817 3683 862 3728 bus
877 3681 1026 3743 quantumvis
1060 3680 1189 3727 'fl'onnibus
1205 3692 1312 3729 centrum
1328 3684 1452 3745 grsrltntr's

159 3747 257 3799 cbanici,
276 3756 300 3793 et
315 3762 358 3808 pro
377 3762 472 3807 corpore
490 3746 554 3809 grevi
574 3746 651 3793 solum
669 3744 788 3807 gravitatis
818 3744 1082 3801 mechaniceiineenitur,
1094 3744 1452 3809 sicorpussbeliqulsuipaete

160 3822 267 3858 centrum
279 3810 304 3857 in
315 3811 364 3857 suis
374 3810 609 3857 demonstrationibus
619 3824 740 3872 surrogere
750 3824 787 3855 ao-
819 3808 890 3857 libere
901 3811 1063 3870 suspendetur,
1076 3819 1100 3856 et
1110 3811 1139 3855 sb
1147 3809 1228 3856 eudem
1239 3822 1324 3871 partes
1333 3811 1382 3873 qui
1392 3828 1451 3875 pen·

159 3871 215 3922 lent.
254 3875 356 3923 Plenum
375 3875 493 3936 gravitatis
511 3886 546 3922 eat
564 3874 640 3937 ligure
657 3874 727 3934 plane
744 3889 785 3934 per
816 3875 862 3927 det,
881 3875 1017 3921 demittutur
1026 3872 1219 3934 perpendiculum
1230 3875 1263 3922 tu
1277 3876 1340 3923 utin
1350 3891 1450 3939 corpere

158 3951 266 3985 centrum
277 3939 395 4001 graviensis
404 3939 527 3997 trensienu
542 3937 724 3987 Diemeterveni
732 3954 786 4000 gres·
817 3938 879 3985 linea
888 3954 959 4001 quem
977 3938 1057 3985 fecerit
1075 3936 1234 3999 perpendiculi
1253 3940 1322 3987 titum
1335 3951 1450 4003 mun

158 4002 236 4049 vitetis
254 4015 289 4051 est
307 4014 370 4051 recte
387 4019 429 4064 per
448 4014 555 4050 centrum
574 4002 693 4065 gravitatis
711 4001 787 4049 ducta.
820 4002 905 4050 deiude
916 4007 945 4050 ab
956 4002 1001 4049 uit
1013 4014 1077 4062 perte
1088 4018 1172 4062 corpus
1188 4002 1249 4051 ide-sn
1268 4003 1340 4052 tibere
1350 4022 1451 4067 suspen.

161 4068 376 4127 Quareplanorum
387 4068 513 4130 grsritatia.
533 4066 665 4116 communis
680 4066 788 4113 intersec-
821 4066 890 4114 detur
901 4066 1007 4128 uspn'ue
1020 4077 1158 4129 noteturque
1169 4067 1253 4115 iterum
1268 4068 1331 4116 linee
1349 4084 1451 4133 pes-pess-

158 4130 191 4176 tio
203 4131 344 4179 diametrum
354 4132 473 4195 gravitstis
489 4132 566 4185 efficit,
587 4141 611 4178 et
621 4131 646 4177 in
665 4130 789 4178 diametro-
820 4130 892 4178 diculi
904 4134 934 4178 ub
950 4131 994 4178 hic
1005 4143 1070 4191 perte
1086 4147 1155 4191 super
1165 4147 1250 4193 corpus
1266 4132 1375 4191 demissis
1392 4150 1451 4183 coss-

158 4208 211 4240 rum
224 4197 344 4255 gresitstis
355 4211 469 4243 concursu
480 4208 588 4243 centmm
598 4195 718 4257 grsvitstis
728 4196 790 4256 posi-
821 4212 903 4243 cursus
913 4196 977 4243 enim
989 4195 1090 4243 duorum
1102 4196 1195 4243 filorum
1206 4197 1365 4259 perpendiculi
1384 4202 1451 4274 (qun

156 4268 209 4304 tum
220 4269 261 4305 eu
300 4261 415 4307 Centrum
427 4259 596 4321 msgnitudinis
606 4270 701 4306 vocetur
711 4275 786 4320 punc.
818 4271 873 4306 sunt
884 4260 990 4308 diametri
1002 4260 1132 4323 gravitatis)
1149 4260 1194 4308 erit
1204 4273 1311 4310 centrum
1328 4264 1452 4325 gravitatis

156 4333 208 4369 tunt
220 4322 288 4380 ittud,
307 4340 349 4385 per
359 4324 422 4386 quod
433 4323 506 4370 divisa
516 4322 655 4387 megnitudo
676 4323 785 4385 relinquit
818 4325 920 4385 corporis
934 4325 989 4372 deti.

155 4384 215 4432 duaa
231 4398 308 4445 psrtes
320 4390 429 4450 utrinque
440 4388 552 4450 aequalem
569 4397 596 4434 ut
614 4387 639 4434 in
657 4387 744 4434 circulo
763 4398 787 4435 et
850 4396 888 4437 cu
901 4390 988 4437 centra
994 4389 1112 4452 grevitetis
1122 4406 1136 4435 a
1147 4391 1201 4446 etb,
1213 4405 1336 4451 corporum
1349 4392 1369 4438 A
1383 4402 1409 4441 et
1420 4392 1450 4450 B.

154 4449 238 4511 stiipe.
256 4449 333 4497 ductis
345 4464 472 4514 utcumque
483 4463 641 4513 percentrum
652 4450 720 4498 lineis
737 4467 787 4499 rec·
819 4453 882 4500 recti
899 4468 941 4500 asu
954 4465 1018 4501 vecte
1036 4453 1156 4501 inflexibili
1173 4455 1331 4517 etgravitatis
1347 4467 1450 4517 experte.

154 4514 190 4563 tis.
210 4513 278 4561 lint-u·
296 4515 343 4561 illas
361 4526 456 4579 totaque
478 4515 553 4577 ligure
567 4517 591 4562 in
602 4526 679 4577 penes
688 4516 789 4577 equules
821 4518 1016 4580 sbjungantur3
1033 4516 1278 4573 etitidividetureb,
1295 4520 1320 4566 in
1341 4521 1369 4575 C.
1381 4531 1409 4569 ut
1419 4522 1452 4569 ait

154 4576 309 4635 dividuntur;
325 4595 352 4627 sc
363 4580 463 4641 proinde
474 4580 493 4627 si
504 4580 583 4642 gracie
593 4581 745 4641 homogenea,
762 4580 786 4628 id
818 4581 911 4643 pondus
924 4587 954 4637 Α,
967 4583 996 4630 sd
1008 4583 1100 4644 pondus
1111 4584 1139 4637 Β,
1152 4592 1178 4628 ut
1191 4584 1211 4631 C
1222 4585 1246 4639 b,
1257 4585 1286 4630 ud
1300 4585 1321 4632 C
1332 4600 1352 4635 u.
1372 4601 1451 4646 punc·

153 4652 194 4695 est.
222 4658 307 4689 uorum
324 4645 448 4703 grevitates
459 4654 515 4691 strnt
525 4644 683 4691 voluminibus
691 4660 786 4705 pmpor-
818 4656 870 4693 tum
889 4647 917 4703 C,
933 4647 977 4695 erit
987 4659 1093 4695 eentnrm
1112 4646 1230 4708 grevitetis
1246 4664 1372 4695 commune
1388 4649 1450 4697 duo-

153 4709 187 4755 tin
225 4724 256 4757 es.
280 4710 411 4755 secundum
428 4707 601 4771 longitudinem
620 4708 644 4754 in
662 4718 738 4769 partes
756 4709 788 4756 si·
819 4725 872 4757 tum
887 4714 1045 4773 corpommA
1065 4720 1089 4758 et
1108 4712 1157 4757 lt...
1173 4714 1262 4759 Dens...
1282 4722 1398 4773 punctum
1419 4716 1450 4769 C,

152 4770 219 4818 miles
229 4782 253 4817 es
263 4771 366 4834 miudes
375 4775 446 4819 secari
458 4772 552 4834 possint,
565 4782 672 4820 centrum
686 4774 787 4838 gnu'te-
819 4774 893 4823 lixum
905 4788 1004 4833 maneat.
1016 4777 1092 4839 sitque
1102 4780 1134 4823 1⁰.
1148 4778 1192 4831 ab,
1202 4776 1316 4827 horisonti
1326 4778 1448 4841 psrsllels.

151 4836 180 4881 tis
190 4851 205 4882 a
215 4846 296 4885 centro
306 4835 477 4903 magnitudinis
487 4852 535 4885 nou
546 4837 631 4885 elilim
