3188 5444
176 557 233 614 aaa
382 615 385 621 A
483 522 823 591 rnruosornnu
847 521 1119 589 uarunatrs
1167 522 1443 602 [ironeam

200 704 299 768 Corol.
315 710 345 766 5.
392 700 531 765 Proinde
545 720 658 784 corpus
673 697 758 785 quod
773 696 917 782 specifice
931 698 1057 784 gravius
1072 710 1121 761 est
1135 697 1233 784 quam
1242 696 1376 761 fluidum
1391 696 1445 761 arbi

155 811 548 901 contiguum‚.subsidebit,
565 824 597 875 et
612 812 697 896 quod
712 808 856 896 specifice
870 809 969 872 levius
984 822 1032 872 est
1046 808 1203 884 ascendet,
1220 821 1404 893 motumque
1417 819 1445 871 et

154 924 265 1012 figurae
287 923 489 988 mutationem
512 935 728 1008 consequetur,
754 933 905 1007 quantum
927 939 1071 983 excessua
1086 918 1138 982 ille
1153 916 1204 980 vel
1220 916 1362 981 defectus
1378 938 1444 1002 gra·

153 1034 256 1098 vitatis
271 1033 393 1099 efficere
407 1032 515 1117 possit.
562 1031 706 1117 Namque
726 1053 871 1094 excessus
893 1030 946 1093 ille
962 1029 1010 1094 vel
1024 1028 1163 1093 defectus
1183 1029 1344 1092 rationem
1358 1027 1443 1091 babet

153 1142 317 1228 impulsus,
335 1165 397 1229 quo
411 1164 535 1226 corpus,
560 1142 635 1221 alias
651 1146 683 1204 in
698 1141 873 1227 aequilibrio
888 1163 959 1204 curn
970 1140 1059 1204 fluidi
1073 1140 1216 1224 partibus
1233 1139 1442 1215 constitutam,

153 1265 303 1339 urgeam
325 1261 357 1313 et
371 1250 545 1334 comparari
564 1261 668 1334 potest
682 1271 755 1312 cum
769 1270 902 1312 excessu
923 1247 972 1312 vel
994 1247 1119 1312 defectu
1139 1246 1293 1332 ponderis
1309 1248 1342 1310 in
1363 1247 1443 1310 lance

155 1356 415 1422 alterutrdlibrre.

200 1470 297 1534 carot.
314 1477 344 1534 6.
390 1467 569 1552 Corporum
583 1465 680 1553 igitur
693 1465 727 1529 in
737 1465 842 1529 fluidis
857 1466 1097 1530 constitutorum
1113 1464 1236 1549 duplex
1245 1479 1296 1530 est
1305 1466 1439 1553 gravitas,

155 1578 252 1642 altera
265 1601 340 1642 vera
354 1591 385 1642 et
399 1577 551 1654 absoluta,
568 1577 666 1641 altera
680 1599 845 1662 apparens,
868 1576 1005 1664 udgaris
1021 1590 1052 1641 et
1067 1576 1292 1660 comparativa.
1340 1575 1441 1641 Gravi·

154 1699 202 1750 tas
222 1684 364 1749 absoluta
379 1697 426 1749 est
439 1685 485 1748 vis
501 1697 567 1749 tota
581 1684 642 1771 qud
658 1707 772 1770 corpus
794 1684 942 1749 deorsum
964 1683 1083 1747 tendit:
1106 1682 1239 1748 relativa
1260 1696 1297 1748 et
1316 1682 1443 1772 vtdgaria

154 1806 206 1859 est·
225 1817 370 1861 excessus
392 1797 552 1884 gravitatis
575 1819 638 1887 quo
659 1803 773 1881 corpus
795 1795 894 1882 magis
916 1794 1016 1858 tendit
1037 1793 1185 1858 deorsum
1208 1815 1308 1880 quam
1321 1791 1442 1857 fluidam

154 1902 305 1967 ambiens.
351 1904 470 1969 Prioris
485 1904 608 1991 generis
619 1904 771 1991 gravitate
786 1915 891 1987 partes
905 1900 1075 1966 fluidorum
1085 1913 1299 1985 etcorporum
1314 1902 1441 1965 omnium

154 2013 311 2101 gravitant
326 2014 359 2076 in
374 2013 452 2079 locis
468 2015 550 2079 suis:
574 2014 709 2101 ideoque
724 2013 897 2097 conjunctis
911 2011 1102 2097 ponderibus
1117 2023 1317 2095 componunt
1329 2009 1441 2095 pondus

154 2120 259 2184 totius.
305 2121 389 2185 Nam
404 2134 505 2186 totum
520 2146 614 2187 omne
628 2145 725 2210 grave
740 2135 797 2200 est,
821 2122 903 2185 utin
918 2122 999 2185 vasis
1014 2119 1171 2207 liquorum
1194 2118 1301 2205 plenis
1317 2117 1441 2204 experiri

153 2229 227 2296 licet
234 2255 243 2307 ;
268 2244 300 2296 et
313 2232 439 2325 pondus
453 2235 548 2297 totius
569 2235 690 2320 aequale
706 2245 753 2297 est
767 2231 958 2317 ponderibus
982 2231 1121 2294 omnium
1142 2230 1295 2314 partium,
1321 2229 1441 2315 ideoque

154 2360 195 2402 ex
205 2338 316 2403 iisdem
328 2341 537 2423 componitur.
584 2341 723 2405 Alterius
745 2340 870 2427 generis
891 2339 1043 2426 gravitate
1065 2360 1201 2421 corpora
1215 2360 1282 2400 non
1297 2336 1440 2424 gravium

153 2446 188 2509 in
211 2446 288 2511 locis
313 2449 386 2525 suis,
418 2448 450 2513 id
476 2464 533 2527 est,
561 2451 642 2515 inter
664 2474 698 2515 se
720 2450 834 2539 collata
854 2472 917 2512 non
940 2462 1150 2536 praegravant,
1182 2448 1240 2512 sed
1272 2442 1440 2511 mutuosad

153 2554 408 2619 descendendum
423 2571 553 2622 conatus
568 2559 770 2642 impedientia
783 2570 968 2642 permanent
982 2557 1015 2619 in
1031 2556 1106 2618 locis
1123 2555 1197 2631 suis,
1221 2555 1355 2639 perinde
1368 2551 1436 2616 acsi

153 2663 262 2750 gravia
275 2685 340 2727 non
362 2678 475 2730 essent.
521 2665 604 2742 Quae
618 2667 651 2728 in
666 2670 738 2730 aere
754 2679 873 2730 suntet
888 2688 952 2728 non
975 2677 1183 2751 praegravant,
1208 2662 1324 2750 vulgus
1345 2659 1438 2749 grar’a

153 2791 218 2834 non
228 2772 358 2857 judicat.
405 2773 488 2850 Quae
503 2789 703 2861 praegravant
716 2774 828 2862 vulgus
843 2774 951 2862 gravia
960 2772 1089 2858 judicat,
1107 2772 1265 2857 quatenus
1280 2772 1359 2836 ae'ris
1371 2790 1438 2855 pou·

153 2879 229 2944 dere
243 2904 307 2945 non
323 2885 524 2948 sustinentur.
572 2885 720 2950 Pondere
735 2885 819 2972 vulgi
834 2885 913 2948 nihil
925 2884 1010 2950 aliud
1025 2897 1096 2947 sunt
1111 2882 1206 2969 quam
1229 2905 1375 2947 excessus
1394 2902 1437 2942 va·

153 3012 260 3055 rorum
274 2994 451 3078 ponderum
467 3019 562 3079 supra
575 2996 700 3080 pondus
716 2996 805 3060 aeria.
852 2995 949 3061 Unde
963 3008 995 3059 et
1009 2992 1103 3081 vulgb
1119 2994 1271 3057 dicuntur
1282 2993 1437 3077 levaque

153 3111 226 3160 sunt
240 3100 342 3164 minus
357 3103 473 3187 gravia,
490 3104 616 3189 ae‘rique
631 3105 841 3190 praegravanti
857 3103 999 3168 cedendo
1013 3102 1177 3186 superiora
1191 3116 1315 3186 petunt
1354 3101 1436 3165 Cotu-

150 3206 291 3288 parativd
305 3207 385 3271 levia
402 3222 484 3287 sunt,
501 3232 565 3273 non
582 3210 665 3287 vere,
683 3212 756 3296 quia
770 3211 965 3275 descendunt
979 3211 1012 3273 in
1027 3233 1135 3273 vacuo.
1184 3211 1240 3274 Sic
1262 3225 1295 3274 et
1316 3211 1348 3273 in
1368 3205 1434 3294 aqui

151 3336 294 3399 corpora,
311 3339 382 3402 quae
394 3319 436 3382 ob
451 3321 600 3404 majorem
616 3321 666 3384 vel
680 3322 833 3385 minorem
853 3322 1035 3408 gravitatem
1051 3320 1250 3384 descendunt
1274 3320 1322 3384 vel
1343 3339 1434 3382 asceu-

151 3423 240 3502 dunt,
264 3438 337 3489 sunt
360 3429 568 3512 comparative*
584 3442 616 3493 et
630 3444 817 3515 apparenter
839 3432 947 3518 gravia
962 3430 1011 3493 vel
1027 3430 1116 3507 levia,
1140 3444 1301 3494 eteorum
1315 3429 1433 3517 gravitas

150 3533 200 3596 vel
222 3532 330 3599 levitas
352 3539 563 3622 comparativa
586 3552 617 3603 et
639 3563 793 3625 apparens
816 3554 863 3604 est
884 3564 1028 3605 excessus
1051 3539 1100 3603 vel
1124 3541 1267 3605 defectus
1293 3559 1433 3628 quorem

151 3665 260 3707 eorum
281 3647 417 3733 gravitas
433 3647 481 3712 vel
496 3663 621 3734 superat
642 3652 826 3738 gravitatem
848 3673 947 3737 aquae,
971 3650 1019 3714 vel
1036 3651 1075 3714 ab
1091 3650 1126 3713 eri
1143 3666 1321 3735 superatur.
1364 3650 1431 3725 Qua

150 3752 226 3817 verb
240 3776 299 3818 nec
313 3759 541 3844 praegravando
556 3759 761 3837 descendunt,
787 3783 844 3825 nec
865 3761 1073 3847 praegravanti
1097 3760 1243 3824 cedendo
1265 3761 1428 3832 ascendunt,

151 3860 272 3924 etiamsi
286 3864 367 3926 veris
382 3865 444 3927 suis
459 3866 651 3949 ponderibus
664 3867 841 3955 adaugeant
854 3870 979 3953 pondus
994 3869 1098 3944 totius
1117 3869 1331 3954 comparative
1342 3884 1428 3933 umor

149 3969 228 4034 etin
243 3993 337 4034 sensu
358 3972 444 4060 vulgi
466 3996 528 4036 non
549 3975 707 4061 gravitant
722 3977 754 4039 in
770 3977 860 4063 aqud.
907 3976 989 4041 Nam
1002 3976 1110 4039 similis
1125 3991 1174 4040 est
1188 3976 1305 4041 horum
1320 3994 1426 4041 casuum

150 4077 383 4144 demonstratio.

193 4190 292 4253 Corol.
309 4197 338 4258 7.
386 4189 470 4266 Quae
485 4191 525 4255 de
539 4194 691 4279 gravitate
713 4193 977 4271 demonstrantur,
1004 4194 1150 4258 obtinent
1172 4195 1205 4257 in
1228 4195 1298 4259 aliis
1320 4192 1425 4280 quibus

151 4318 273 4383 cunque
288 4300 405 4364 viribus
420 4302 610 4387 centripetis.

194 4409 294 4472 Corol.
311 4419 340 4474 8.
388 4411 525 4476 Proinde
540 4415 566 4477 si
582 4415 730 4493 medium,
743 4417 776 4479 in
792 4440 855 4503 quo
870 4439 984 4501 corpus
1000 4416 1128 4501 aliquod
1152 4433 1308 4495 moretur,
1334 4432 1424 4501 urget·

147 4529 199 4581 tur
214 4517 263 4580 vel
277 4541 296 4581 a
310 4521 461 4606 gravitate
476 4524 614 4609 proprii,
632 4526 680 4589 vel
698 4528 737 4591 ab
752 4527 812 4591 alit
829 4528 1014 4613 quacunque
1029 4530 1059 4590 vi
1075 4530 1264 4614 centripetin
1288 4545 1319 4594 et
1332 4540 1425 4609 corp*1⁵

147 4628 188 4691 ab
203 4626 312 4691 aridem
327 4631 356 4692 vi
372 4647 520 4721 urgeatur
534 4635 644 4700 fortius
653 4661 662 4712 ;
690 4637 864 4703 differentia
879 4639 990 4702 virium
1006 4652 1053 4703 est
1068 4640 1114 4702 vis
1130 4639 1185 4703 illa
1202 4642 1329 4717 motrix‚
1351 4651 1426 4723 quam

147 4737 179 4800 in
203 4739 452 4823 precedentibus
478 4746 751 4832 propositionibus
775 4763 810 4815 ut
840 4752 901 4814 vim
932 4752 1136 4836 centripetnm
1168 4750 1425 4819 consideravimus
