3202 5446
162 432 340 508 Damam]
497 432 738 498 PRINClPlA
763 432 1133 502 MATHEMATICA.
1419 448 1456 504 13

162 618 237 695 lunt,
258 629 293 681 et
308 615 454 681 Planetas
469 639 574 681 secum
588 617 725 697 deferre3
741 620 870 707 singula
887 622 1046 686 Coelorum
1061 635 1174 707 partes,
1201 636 1232 688 et
1249 625 1386 690 Planetae
1403 628 1456 712 qui

147 723 289 789 relative
304 723 433 810 quidem
451 725 484 787 in
501 724 596 789 Coelis
611 727 672 789 suis
680 728 832 810 proximis
846 729 1017 814 quiescunt,
1029 744 1193 794 moventur
1206 731 1288 796 vere.
1328 733 1457 797 Mutant

161 832 243 897 enim
256 831 428 916 positiones
442 854 511 895 suas
525 832 566 895 ad
580 832 712 896 invicem
728 839 826 918 (secus
837 832 930 920 quim
946 837 982 899 fit
995 837 1027 899 in
1044 837 1115 901 vere
1128 838 1366 924 quiescentibus)
1379 843 1455 904 umi-

161 963 219 1027 que
230 961 306 1003 cum
314 938 401 1002 coelis
416 937 511 1002 delati
521 940 709 1025 participant
719 963 827 1004 eorum
835 954 946 1020 motus,
963 956 994 1007 et
1005 956 1041 1007 ut
1052 955 1158 1029 partes
1172 946 1396 1010 revolventium
1407 959 1454 1011 to·

159 1063 274 1123 torum,
290 1045 332 1110 ab
346 1068 457 1110 eorum
471 1046 583 1111 axibus
597 1046 741 1111 recedere
756 1061 916 1138 conantur.

199 1174 401 1251 Quantitates
424 1172 560 1237 relativae
583 1195 648 1236 non
662 1186 733 1237 sunt
755 1175 850 1262 igitur
869 1199 914 1239 eae
929 1177 1004 1261 ipsas
1025 1179 1217 1263 quantitates,
1243 1203 1373 1266 quarum
1396 1203 1454 1245 no-

158 1281 242 1344 mina
255 1302 326 1366 prae
339 1302 374 1343 se
386 1279 499 1357 senmt,
516 1280 570 1344 sed
591 1291 662 1344 sunt
683 1303 789 1345 earum
808 1304 963 1346 mensuroe
981 1283 1044 1347 illae
1064 1286 1221 1350 sensibiles
1247 1293 1342 1373 (verae
1352 1311 1393 1352 an
1404 1312 1453 1352 er-

149 1390 274 1470 rantes)
296 1389 410 1476 quibus
429 1389 539 1477 vulgus
564 1389 634 1453 loco
653 1391 859 1476 quantitatum
878 1405 1123 1457 mensuratamm
1149 1396 1252 1459 utitur.
1297 1397 1343 1462 At
1366 1397 1391 1458 si
1413 1419 1453 1460 ex

151 1520 214 1561 usu
228 1496 419 1561 definiendae
438 1508 511 1560 sunt
528 1497 694 1560 verborum
714 1498 961 1585 significationes,
985 1523 1042 1585 per
1062 1502 1189 1565 nomina
1207 1502 1261 1566 illa
1276 1502 1450 1587 Temporis,

163 1605 268 1690 Spatii,
286 1604 368 1668 Loci
381 1614 414 1667 et
429 1600 539 1668 Motus
552 1603 683 1688 proprisi
702 1605 911 1692 intelligendae
930 1619 1021 1670 erunt
1039 1607 1090 1669 hae
1109 1631 1263 1673 mensurae
1282 1610 1451 1687 sensibiles;

162 1729 191 1776 et
203 1733 307 1775 sermo
321 1712 380 1775 erit
393 1711 528 1775 insolens
538 1723 570 1774 et
582 1710 661 1796 pure
682 1712 932 1791 Mathematicus,
955 1713 981 1777 si
1003 1715 1187 1799 quantitates
1201 1729 1386 1780 mensuratae
1400 1716 1452 1780 hic

164 1819 379 1906 intelligantur.
434 1818 572 1883 Proinde
592 1819 654 1881 vim
679 1818 815 1882 inferunt
839 1821 940 1885 Sacris
967 1821 1089 1898 Literis,
1115 1822 1168 1907 qui
1191 1843 1281 1885 voces
1295 1823 1386 1886 hasce
1412 1824 1451 1887 de

166 1924 380 2013 quantitatibus
398 1927 581 1989 mensuratis
600 1925 644 1990 rbi
663 1926 915 2010 interpretantur.
974 1927 1086 2013 Neque
1107 1928 1212 1992 urinus
1240 1930 1451 1993 contaminant

168 2033 323 2098 Mathesin
337 2045 367 2096 et
381 2032 625 2118 Philosophiam,
650 2033 704 2119 qui
718 2034 902 2119 quantitates
913 2056 1000 2098 veras
1015 2057 1086 2097 cum
1100 2035 1237 2120 ipsarum
1251 2035 1450 2111 relationibus

166 2154 195 2206 et
207 2140 381 2229 vulgaribus
395 2141 546 2204 mensuris
560 2139 764 2205 confundunt

203 2248 314 2313 Motus
323 2246 449 2335 quidem
459 2270 546 2311 veros
555 2270 722 2332 corporum
730 2248 923 2336 singulorum
933 2270 1129 2336 cognoscere,
1141 2261 1172 2312 et
1183 2249 1223 2313 ab
1231 2249 1450 2333 apparentibus

163 2368 226 2419 actu
240 2355 464 2433 discriminare,
480 2355 695 2418 difficillimum
709 2367 773 2418 ests
796 2367 961 2440 propterea
975 2355 1058 2442 quod
1074 2368 1177 2440 partes
1191 2357 1281 2441 spatii
1296 2356 1377 2435 illius
1391 2357 1450 2420 im-

162 2464 288 2542 mobilis,
313 2463 426 2549 inquo
441 2461 846 2548 corporaveremoventur,
870 2486 934 2526 non
949 2463 1112 2527 incurrunt
1131 2465 1164 2527 in
1187 2487 1301 2528 sensus.
1348 2465 1450 2529 Causa

162 2583 258 2636 tamen
272 2593 342 2636 non
358 2583 404 2635 est
417 2592 546 2655 prorsus
560 2569 730 2654 desperata.
775 2571 858 2635 Nam
884 2584 1067 2658 argumenta
1086 2572 1204 2635 desumi
1218 2583 1356 2656 possunt,
1376 2595 1449 2657 par-

162 2678 213 2741 tim
232 2701 272 2742 ex
286 2677 424 2742 motibus
434 2677 652 2762 apparentibus
663 2677 717 2764 qui
726 2693 797 2740 sunt
806 2691 948 2741 motuum
962 2701 1107 2741 verorum
1121 2678 1312 2757 differentiae,
1334 2681 1448 2764 partim

164 2809 198 2850 ex
210 2787 328 2851 viribus
343 2809 413 2872 quae
428 2799 499 2849 sunt
512 2798 654 2849 motuum
668 2808 812 2850 verorum
827 2808 928 2849 causae
948 2798 980 2849 et
993 2785 1126 2849 effectus.
1172 2786 1219 2851 Ut
1233 2787 1258 2848 si
1272 2786 1358 2873 globi
1373 2787 1446 2865 duo,

164 2894 197 2958 sd
210 2895 316 2958 datam
325 2895 365 2958 ab
377 2894 508 2958 invicem
522 2894 698 2957 distantiam
712 2894 767 2957 filo
777 2893 986 2957 intercedente
998 2893 1139 2970 connexi,
1151 2893 1380 2957 revolverentur
1389 2896 1448 2957 cir-

163 3024 194 3064 ca
206 3024 372 3065 commune
393 3002 551 3089 gravitatis
562 3017 711 3078 centrum,
728 3001 933 3065 innotesceret
947 3023 986 3065 ex
995 3002 1133 3064 tensione
1148 3000 1191 3063 lili
1204 3013 1330 3063 conatus
1339 3001 1448 3088 globo-

165 3129 224 3172 rum
238 3109 406 3173 recedendi
422 3109 461 3173 ab
476 3131 534 3172 axe
544 3123 656 3186 motus,
678 3120 709 3172 et
723 3108 796 3172 inde
811 3109 964 3194 quantitas
983 3120 1084 3171 motus
1100 3108 1255 3170 circularis
1275 3109 1448 3192 computari

165 3231 266 3299 posset
300 3217 358 3302 (q)
385 3216 511 3282 Deinde
526 3216 551 3278 si
565 3217 644 3279 vires
666 3216 812 3301 quaelibet
832 3215 966 3301 aequales
981 3217 1013 3278 in
1029 3215 1162 3279 alternas
1176 3215 1340 3302 globorum
1355 3215 1448 3279 facies

165 3323 198 3387 ad
217 3337 337 3388 motum
363 3323 543 3387 circularem
568 3323 745 3410 augendum
770 3323 818 3387 vel
844 3323 1047 3386 minuendum
1073 3322 1162 3386 simul
1186 3324 1445 3408 imprimerentur,

165 3430 362 3497 innotesceret
382 3454 424 3495 ex
439 3430 527 3494 auctri
542 3431 590 3494 vel
612 3429 761 3494 diminuti
777 3431 822 3494 fili
837 3432 975 3500 tensione
990 3443 1190 3518 augmentum
1204 3430 1253 3493 vel
1268 3430 1447 3493 decremen-

166 3552 224 3602 tum
236 3551 350 3616 motus,
376 3551 407 3602 et
427 3538 500 3602 inde
515 3538 640 3601 tandem
662 3539 792 3602 inveniri
806 3550 932 3623 possent
946 3537 1038 3601 facies
1052 3538 1217 3625 globorum
1232 3538 1263 3599 in
1279 3561 1354 3623 quas
1368 3539 1447 3601 vires

164 3644 292 3731 imprimi
303 3646 462 3723 deberent,
486 3657 521 3708 ut
534 3657 636 3709 motus
650 3646 785 3710 maxime
800 3659 981 3732 augeretur3
1004 3645 1036 3708 id
1052 3657 1105 3722 est,
1122 3644 1215 3708 facies
1230 3645 1366 3728 postica,
1383 3645 1447 3709 sive

164 3775 226 3838 quae
240 3756 273 3818 in
289 3766 377 3817 motu
392 3752 533 3816 circulari
548 3765 726 3838 sequuntur.
762 3753 905 3839 Cognitis
920 3766 1021 3815 autem
1033 3752 1167 3816 faciebus
1182 3774 1252 3837 quae
1267 3763 1446 3836 sequuntur,

163 3873 189 3923 et
208 3860 346 3925 faciebus
370 3861 518 3945 oppositis
540 3882 610 3946 quae
633 3860 824 3945 praecedunt,
849 3873 1085 3947 cognosceretur
1106 3859 1320 3938 determinatio
1335 3873 1446 3925 motus.

162 3967 194 4031 ln
209 3968 295 4031 hunc
309 3967 438 4030 modum
453 3967 584 4030 inveniri
598 3980 702 4052 posset
716 3979 746 4031 et
760 3969 914 4053 quantitas
938 3979 969 4030 et
994 3967 1209 4030 determinatio
1232 3979 1333 4030 motus
1356 3968 1447 4053 hujus

160 4075 313 4140 circularis
328 4075 361 4137 in
376 4096 475 4137 vacuo
489 4075 597 4160 quovis
611 4075 771 4152 immenso,
788 4075 841 4138 ubi
857 4074 934 4137 nihil
950 4086 1070 4138 extaret
1084 4087 1246 4138 externum
1261 4086 1293 4137 et
1307 4076 1449 4140 sensibile

159 4203 288 4267 quocum
304 4182 393 4269 globi
409 4180 541 4244 conferri
563 4193 698 4267 possent.
746 4182 779 4246 Si
796 4184 861 4266 jam
877 4183 1135 4245 constituerentur
1149 4182 1181 4242 in
1196 4181 1295 4264 spatio
1310 4181 1364 4245 illo
1380 4205 1448 4246 cor-

157 4347 274 4401 nansierit
286 4346 388 4409 singulae
399 4356 551 4408 partaeque
563 4346 617 4410 (18)
636 4348 665 4394 ab
682 4362 725 4393 axe
736 4361 786 4392 mo·
817 4342 901 4401 portio,
926 4359 955 4391 er
979 4343 1001 4390 vi
1017 4343 1149 4406 centrisugi
1165 4360 1206 4390 seu
1223 4356 1309 4392 conatu
1326 4347 1450 4394 recedendi

157 4411 198 4467 tria
211 4428 252 4459 seu
263 4410 438 4459 amediovesia
455 4422 569 4458 conantur
588 4411 702 4465 recedere,
720 4409 787 4457 sirm·
818 4409 847 4454 ab
865 4424 908 4456 axe
924 4409 1032 4471 cognosci
1050 4425 1077 4456 ac
1096 4409 1225 4454 mensurari
1245 4421 1320 4469 potest
1341 4412 1451 4458 velocitas

156 4477 326 4551 qaereinorem
345 4474 439 4550 sunum
451 4476 475 4521 in
490 4476 541 4521 e'tire
559 4476 713 4522 resistentiam
725 4474 790 4521 inve-
819 4472 896 4547 morire
915 4473 1032 4520 circularis
1047 4473 1159 4527 absoluta,
1178 4483 1205 4520 ut
1223 4473 1332 4536 deinceps
1353 4476 1450 4522 demon·

155 4538 790 4666 :munguffiliniiiblgudtcuciliribldbnetdrfdbdididd
818 4540 944 4665 'illinita
965 4603 989 4649 Si
1012 4602 1035 4647 in
1057 4602 1164 4655 alternas,
1182 4617 1223 4648 reu
1243 4602 1256 4648 e
1277 4603 1388 4650 diametro
1407 4603 1449 4649 sibi

156 4678 238 4715 ronan
250 4670 280 4714 ab
292 4683 336 4714 axe
346 4666 425 4713 mettis
437 4682 478 4727 per
491 4677 612 4729 tangentes
630 4667 736 4714 recedere
754 4667 789 4713 ni·
821 4667 938 4726 oppositas
948 4666 1072 4728 globorum
1083 4665 1160 4720 facies,
1172 4665 1202 4712 ad
1213 4677 1304 4712 motum
1314 4665 1448 4713 circularem

154 4742 241 4779 cantur.
277 4735 326 4796 (lta
346 4731 393 4792 ll.)
413 4729 488 4778 Porro
498 4746 555 4777 curn
566 4731 627 4777 inter
637 4732 685 4776 vim
702 4731 787 4778 centri-
818 4729 955 4791 eugendum
967 4730 1003 4776 rel
1014 4729 1177 4784 minuendum,
1195 4730 1381 4789 imprimerentur
1392 4730 1451 4777 virts

153 4794 178 4842 lu
208 4812 233 4842 m
244 4807 269 4844 et
278 4795 421 4843 celeritatem
430 4795 534 4855 corporis
544 4795 569 4842 in
581 4793 636 4841 dato
648 4795 735 4841 circulo
751 4811 787 4842 re·
819 4793 928 4857 quaelibet
939 4793 1046 4856 aquales,
1058 4810 1110 4856 quae
1125 4792 1222 4854 proinde
1234 4808 1281 4839 non
1292 4794 1451 4852 perturbarent

154 4812 264 4907 :silentis
273 4871 337 4908 certa
346 4859 416 4909 debet
429 4875 478 4909 eres
517 4874 544 4906 sc
562 4857 717 4906 deternrinata
733 4874 785 4920 pro·
819 4859 975 4922 aequilibrium
987 4857 1110 4921 globorum
1123 4857 1184 4905 cirri
1195 4871 1318 4904 commune
1334 4857 1452 4918 gravitatis
