3202 5446
72 411 162 460 anan
177 391 342 475 Pontus]
389 390 633 461 PRINCIPIA
655 390 1027 461 MATHEMATICA.
1265 398 1327 462 stt

544 823 731 900 SECTIO
756 823 826 900 XI.

116 1037 180 1112 De
195 1047 289 1112 motu
304 1059 492 1134 corporum
508 1035 640 1110 aetas
655 1033 853 1134 centripetis
869 1056 906 1110 se
922 1043 1038 1109 mutuo
1049 1033 1247 1131 petentium.

80 1261 251 1329 Hactenus
266 1259 401 1346 exposui
415 1271 519 1323 motus
534 1280 702 1344 corporum
716 1268 920 1343 attractorum
934 1257 976 1323 ad
997 1271 1140 1324 centrum
1160 1256 1331 1340 immobile,

72 1374 133 1439 tale
147 1386 254 1438 tamen
268 1373 322 1436 vix
337 1384 423 1437 extat
437 1373 470 1436 in
484 1395 590 1437 rerum
604 1371 725 1439 natural.
770 1373 984 1440 Attmctiones
998 1375 1082 1439 enim
1096 1374 1166 1440 lieri
1180 1375 1281 1442 solent
1290 1374 1333 1442 ad

72 1503 194 1567 ›rpora3
217 1492 432 1575 etcorporum
446 1479 636 1544 trahentium
651 1493 682 1545 et
696 1492 899 1546 attractorum
912 1481 1049 1547 actiones
1071 1504 1195 1568 semper
1214 1494 1333 1548 mutum

72 1603 112 1657 nt
127 1605 160 1656 et
174 1590 320 1678 aequales,
336 1613 394 1676 per
407 1590 509 1679 legem
524 1591 665 1655 tertiam:
688 1589 768 1656 adeo
781 1602 818 1656 ut
831 1614 934 1679 neque
947 1591 1106 1658 attrahens
1116 1593 1215 1678 possit
1229 1593 1332 1682 quies·

72 1720 108 1764 re
122 1720 227 1785 neque
241 1709 416 1776 attractum,
432 1699 460 1762 si
481 1697 545 1762 duo
570 1697 631 1762 sint
648 1719 791 1784 corpora,
807 1697 864 1766 sed
886 1699 922 1785 (¹)
945 1698 1039 1764 ambo
1061 1703 1132 1785 (per
1145 1698 1252 1789 legum
1268 1701 1332 1766 Co-

72 1805 202 1870 llarium
217 1805 376 1891 quartum)
399 1805 487 1891 quasi
512 1804 696 1870 attractione
720 1804 839 1884 mutuis,
864 1805 982 1870 circum
1006 1806 1164 1894 gravimtis
1189 1818 1332 1872 centrum

72 1935 207 1977 mmune
221 1913 441 1977 revolvantur:
464 1925 496 1977 ct
510 1913 537 1978 si
550 1912 643 1998 plura
656 1913 718 1977 sint
731 1935 873 1999 corpora,
897 1902 969 2000 quae
989 1913 1040 1979 vel
1060 1913 1102 1980 ab
1123 1914 1216 1979 unico
1236 1925 1332 1980 attra-

72 2034 161 2097 mtur,
177 2033 210 2086 et
223 2020 308 2085 idem
322 2018 489 2098 attrahant,
505 2019 555 2084 vel
570 2020 677 2084 omnia
690 2043 724 2085 se
738 2033 849 2085 mutuo
862 2019 1040 2100 attrahant3
1062 2020 1132 2086 haec
1146 2021 1190 2087 its
1200 2021 1327 2087 interae

72 2132 154 2197 sveri
169 2130 315 2209 debeant,
333 2142 368 2194 ut
381 2131 540 2218 gravitatis
555 2144 696 2197 centnnn
711 2153 876 2198 commune
897 2132 947 2198 vel
974 2133 1121 2219 quiescat,
1144 2131 1194 2199 vel
1209 2131 1329 2200 unitor-

72 2243 127 2309 iter
140 2257 305 2307 moveatur
319 2243 352 2305 in
367 2242 531 2309 directum.
578 2242 651 2320 Qut
666 2243 707 2308 de
730 2243 823 2308 causi
841 2244 908 2330 jam
922 2265 1022 2333 pergo
1035 2256 1156 2308 motum
1171 2264 1331 2329 exponere

72 2377 204 2441 sporum
220 2375 255 2418 se
269 2364 379 2420 mutuo
403 2354 602 2431 trahentium,
627 2353 855 2419 considerando
869 2354 951 2443 vires
970 2353 1160 2438 centripetas
1183 2365 1330 2442 tanquam

72 2464 244 2543 unctiones,
264 2469 405 2552 quamvis
421 2463 560 2540 fortasse,
577 2462 602 2525 si
616 2461 745 2549 physici
759 2462 935 2550 loquamur,
948 2462 1050 2527 verina
1060 2461 1204 2527 dicautur
1218 2462 1331 2548 impul·

72 2594 97 2642 t.
141 2579 181 2643 ln
196 2575 424 2641 mathematicis
439 2574 523 2638 enim
533 2575 600 2660 jam
614 2595 776 2638 versamur
787 2598 797 2651 ς
819 2587 852 2639 et
870 2586 1047 2660 propterea,
1067 2573 1167 2638 missis
1191 2572 1330 2659 disputa·

72 2686 170 2752 nibus
192 2685 341 2771 physicis,
366 2683 510 2747 familiari
535 2682 652 2746 utimur
677 2703 829 2761 sermono,
856 2705 920 2770 quo
944 2683 1098 2768 possimus
1120 2706 1141 2747 a
1162 2682 1330 2749 lectoribus

72 2795 262 2862 tthematicis
277 2793 396 2859 facilius
410 2791 553 2880 intelligi.

261 3056 548 3124 PROPOSITIO
571 3054 679 3122 LVII.
724 3055 999 3122 THEOREMA
1021 3056 1103 3124 XX.

72 3271 167 3337 spara
192 3251 229 3332 (²)
253 3252 311 3313 duo
324 3271 354 3313 se
369 3250 489 3313 invicem
504 3249 656 3312 trahentia
671 3248 845 3332 describam,
868 3257 898 3313 et
911 3250 1018 3313 circum
1031 3270 1177 3314 metune
1197 3259 1326 3315 centnm

295 3360 468 3443 grandom,
484 3368 514 3422 et
523 3360 630 3422 circum
644 3379 675 3423 se
687 3353 920 3444 maluhstgums
933 3361 1051 3426 similos.

75 3558 159 3622 Sunt
182 3557 224 3642 (⁰)
247 3555 330 3620 enim
348 3555 502 3619 distantiae
518 3577 685 3640 corporum
709 3556 905 3620 acommuni
929 3557 1090 3645 gravitatis
1115 3573 1224 3624 centro
1247 3559 1327 3631 reci·

72 3669 126 3733 oce
141 3666 392 3754 proportionales
408 3666 602 3751 corporibus,
619 3678 712 3752 atque
726 3666 798 3730 ideo
812 3667 845 3729 in
860 3665 932 3731 dart
948 3668 1068 3732 ratione
1081 3667 1123 3732 ad
1137 3669 1278 3747 invicem,
1294 3679 1327 3733 et

72 3777 252 3862 mponendo
267 3777 299 3839 in
315 3775 387 3839 dart
403 3776 523 3840 ratione
539 3775 579 3838 ad
594 3774 772 3839 distantiam
787 3787 884 3839 totam
899 3776 981 3841 inter
992 3799 1133 3863 corpora.
1169 3778 1326 3843 Feruntur

72 3892 136 3949 item
150 3886 201 3950 hae
217 3886 373 3950 distantiae
389 3887 504 3949 circum
521 3885 687 3949 terminum
703 3908 795 3949 suum
810 3907 1007 3951 communem
1026 3889 1139 3974 oequuli
1161 3903 1247 3953 motu
1270 3910 1323 3954 an·

72 3988 144 4073 uari,
159 4009 328 4081 propterea
342 3995 427 4081 quod
441 3996 474 4058 iu
489 3996 642 4060 directum
659 4018 781 4080 semper
799 3998 939 4082 jacentes
961 4021 1025 4062 non
1048 4014 1171 4066 mutant
1193 3999 1325 4064 inclina-

80 4184 105 4248 (Ἴ
119 4196 130 4222 ·
147 4197 189 4242 Sed
199 4196 264 4242 ambo
281 4194 335 4255 (per
344 4197 386 4255 teg.
403 4196 474 4242 Corui.
488 4198 529 4255 4.)
546 4209 611 4258 quart
626 4202 662 4241 at·
693 4191 812 4256 pergendo
822 4193 852 4241 de
865 4194 881 4242 S
892 4193 922 4242 ad
935 4195 957 4242 'l'
967 4204 991 4242 et
1006 4194 1036 4243 de
1049 4195 1070 4244 P
1081 4196 1110 4244 ad
1123 4195 1156 4252 Q,
1172 4194 1259 4244 similes
1268 4209 1324 4248 runt

72 4257 234 4306 ”mutaturi
253 4258 288 4305 vel
300 4257 329 4304 nd
341 4273 365 4304 se
376 4259 474 4306 invicem
483 4257 545 4304 recti
557 4256 617 4304 linei
628 4257 662 4304 fe·
693 4259 730 4304 hre
747 4257 828 4320 ilgurte
843 4269 951 4321 quatuor,
969 4260 1079 4308 nimirum
1099 4262 1119 4308 P
1141 4262 1165 4317 Q
1183 4261 1210 4317 C,
1230 4261 1322 4322 STC,

72 4324 123 4376 nur,
134 4323 176 4379 rel,
188 4324 207 4370 si
219 4325 288 4370 ambo
299 4323 321 4368 vi
338 4322 447 4381 impressi
462 4321 556 4384 obliqui
571 4323 663 4386 projim'·
694 4338 751 4384 quas
762 4338 858 4382 corpora
875 4324 892 4370 S
911 4336 934 4372 et
952 4325 974 4375 Ρ
990 4328 1050 4372 circa
1065 4341 1190 4373 commune
1205 4328 1324 4388 gravitatis
1412 4342 1414 4349 ·

72 4387 208 4439 *turnacum
220 4390 338 4437 emutatis
353 4399 457 4435 centrum
475 4405 595 4436 coruurane
611 4390 662 4450 qui·
694 4400 800 4434 centrum
814 4389 985 4447 Cdescrihuru,
1003 4401 1053 4440 tum
1065 4390 1139 4453 figura
1155 4403 1173 4452 p
1187 4392 1323 4455 Q'l’quam

72 4453 158 4500 mitat
168 4454 312 4518 rinijimitrr
319 4455 466 4514 progrediar
477 4469 515 4500 rev
527 4455 628 4500 liuntur.
694 4467 778 4512 corpus
802 4452 823 4500 P
841 4453 949 4500 describit
968 4455 1028 4504 circa
1049 4470 1133 4515 corpus
1156 4459 1172 4505 S
1194 4469 1321 4518 spectatum

72 4508 106 4577 Ι(“)
120 4519 130 4543 ”
148 4521 246 4579 thr-pora
263 4522 316 4564 dua
352 4518 366 4574 (
374 4520 421 4564 Vir.
432 4521 480 4582 fig.
494 4520 518 4565 in
530 4521 578 4564 snt».
590 4522 660 4628 pap(
693 4525 804 4580 tanquam
824 4517 954 4573 immotum.
975 4531 998 4567 er
1015 4519 1091 4582 figura
1107 4540 1125 4567 ι
1138 4520 1160 4569 Τ
1172 4521 1204 4581 Q,
1221 4525 1322 4588 quamS

72 4584 169 4640 'twpora
179 4584 228 4629 duo
241 4582 265 4638 S,
285 4580 306 4628 P
317 4596 342 4628 se
353 4581 452 4629 invicem
463 4582 575 4629 trahentia
587 4597 640 4628 reso
649 4608 661 4621 ·
692 4581 753 4629 enat
764 4580 787 4630 Ρ
797 4583 903 4630 similiter
913 4594 1041 4645 spectatum
1052 4584 1167 4634 describit.

72 4647 119 4690 ntor
133 4645 193 4694 eisd
214 4660 341 4694 commune
363 4646 481 4709 gmvitatis
502 4656 608 4695 curuum
632 4647 703 4759 Cb⁴
725 4647 761 4712 (l)
780 4652 792 4678 ⁰
810 4653 872 4698 Sunt
887 4652 950 4699 caim
965 4652 1077 4700 distantia
1093 4668 1214 4715 coquorum
1229 4671 1244 4702 a
1260 4670 1319 4703 m
