3202 5446
157 501 269 566 Lmen
287 501 452 580 Saeuum]
485 499 729 565 PRINCIPIA
755 498 1128 583 MATHEMATICA.
1375 501 1440 565 678

154 670 246 758 aqud,
271 693 355 756 saepe
370 672 507 749 demissi,
530 670 684 735 cadebant
699 668 892 753 temporibus
907 668 1135 732 oscillationum
1160 673 1231 750 175,
1258 678 1308 746 18,
1335 673 1396 752 18}
1421 666 1469 735 et*

157 789 208 858 19,
226 781 435 846 describentes
451 780 649 845 altitudinem
664 779 834 866 digitorum
853 785 945 863 1813.
991 778 1033 842 Et
1048 777 1102 842 ubi
1117 778 1298 843 ceciderunt
1312 791 1451 864 tempore

109 887 115 896 ”
153 890 384 956 oscillationum
401 900 451 969 19,
468 911 695 974 nonnunquam
710 887 815 952 audivi
830 886 1001 971 impulsum
1015 907 1125 949 eorum
1140 885 1173 948 in
1187 885 1285 949 latera
1300 888 1380 950 vasis
1395 911 1451 951 an-
1562 956 1564 964 .

154 1012 280 1087 tequam
296 1001 336 1064 ad
350 1001 484 1065 fundum
499 1012 718 1084 pervenerunt.

199 1110 262 1174 Per
283 1111 438 1174 theoriam
453 1109 527 1173 verb
543 1109 655 1173 cadere
677 1108 853 1172 debuerunt
867 1119 1008 1192 tempore
1023 1106 1249 1171 oscillationum
1267 1110 1327 1194 153
1341 1129 1451 1193 quam-

152 1219 306 1302 proxime.

196 1330 313 1409 Eeper.
334 1335 384 1389 ll.
409 1326 507 1391 Globi
521 1338 585 1390 tres
599 1325 746 1412 aequales,
763 1323 903 1410 pondere
918 1346 1089 1410 granorum
1104 1335 1145 1391 48
1160 1327 1193 1389 in
1209 1330 1281 1392 aere
1295 1340 1327 1390 et
1342 1325 1402 1406 838
1417 1325 1450 1388 in

151 1433 233 1520 aquai
250 1455 334 1518 saepe
350 1433 484 1511 demissi,
510 1434 690 1497 ceciderunt
703 1433 896 1518 temporibus
912 1432 1140 1499 oscillationum
1156 1441 1229 1518 484,
1247 1445 1299 1512 44,
1316 1440 1390 1517 444,
1408 1443 1449 1500 45

151 1555 184 1606 et
199 1551 252 1618 46,
276 1553 308 1606 et
324 1540 459 1604 maximi
483 1563 523 1605 ex
544 1555 633 1626 parte
656 1550 697 1604 44
713 1552 746 1604 et
759 1548 812 1616 45,
835 1538 1046 1620 describentes
1068 1541 1264 1607 altitudinem
1279 1543 1451 1630 digitorum
1545 1529 1549 1536 ¹

136 1655 239 1731 18ἳρ
256 1648 505 1735 quamproxime.

199 1757 261 1822 Per
276 1757 429 1821 theoriam
444 1756 555 1824 cadere
569 1756 746 1821 debuerunt
759 1769 900 1841 tempore
916 1757 1147 1821 oscillationum
1163 1763 1225 1847 463
1241 1758 1372 1822 circiter.

196 1868 312 1947 Esper.
331 1871 381 1927 12.
406 1863 504 1928 Globi
519 1878 582 1928 tres
598 1864 744 1950 aequales,
761 1863 900 1948 pondere
908 1859 1080 1950 granorum
1102 1873 1161 1928 141
1181 1865 1214 1927 in
1229 1867 1300 1927 a'e're
1315 1877 1348 1928 et
1362 1863 1400 1942 43
1417 1864 1450 1928 in

152 1969 245 2057 aquai,
262 1970 425 2057 aliquoties
440 1970 575 2046 demissi,
599 1970 780 2036 ceciderunt
794 1970 988 2054 temporibus
1011 1970 1240 2036 oscillationum
1256 1979 1308 2048 61,
1326 1978 1378 2048 62,
1396 1980 1448 2049 63,

153 2089 196 2146 64
211 2092 241 2144 et
257 2089 309 2157 65,
326 2080 537 2143 describentes
551 2079 748 2144 altitudinem
762 2078 933 2166 digitorum
951 2086 1023 2143 182.

199 2187 320 2270 Etper
343 2187 495 2250 theoriam
518 2185 629 2252 cadere
651 2186 828 2251 debuerrmt
850 2197 991 2269 tempore
1017 2184 1245 2250 oscillationum
1261 2189 1323 2266 644
1344 2208 1366 2271 q
1438 2222 1451 2236 ·

152 2293 307 2379 proxime.

198 2401 261 2465 Per
275 2400 344 2465 haec
359 2400 573 2484 experimenta
592 2399 789 2463 manifestum
804 2413 851 2464 est
867 2400 962 2486 quod,
985 2399 1040 2464 ubi
1053 2397 1141 2486 globi
1155 2398 1244 2464 tarde
1259 2400 1449 2480 cecidemnt,

154 2521 190 2572 ut
205 2508 237 2573 in
252 2508 473 2593 experimentis
489 2507 643 2585 secundis,
660 2509 788 2594 quartis,
804 2508 929 2593 quintis,
946 2507 1072 2583 octavu,
1090 2506 1262 2570 undecimis
1276 2528 1313 2571 ac
1328 2507 1450 2572 duode-

154 2619 253 2695 cimis,
270 2630 412 2702 tempora
423 2616 556 2682 cadendi
571 2616 654 2681 recte
670 2617 857 2682 exhibentur
870 2640 928 2703 per
942 2617 1106 2694 theoriam,
1130 2629 1162 2680 at
1177 2617 1232 2680 ubi
1251 2616 1339 2704 globi
1361 2617 1449 2681 velo·

155 2728 222 2792 cius
238 2728 427 2804 ceciderunt,
444 2729 527 2792 utin
542 2727 764 2811 experimentis
780 2726 886 2804 sextis,
903 2727 994 2791 nonis
1009 2749 1045 2790 ac
1060 2726 1200 2803 decimis,
1223 2726 1261 2809 (⁸)
1277 2727 1455 2792 resistentia

153 2839 251 2923 paulo
265 2839 365 2922 major
380 2838 483 2901 extitit
498 2860 591 2924 quam
606 2839 640 2900 in
655 2836 814 2921 duplicata
827 2837 948 2902 ratione
963 2835 1144 2901 velocitatis.
1190 2835 1273 2898 Nam
1295 2836 1381 2922 globi
1402 2837 1451 2899 in-

160 2961 208 3011 ter
223 2946 399 3010 cadendum
414 2946 556 3010 oscillent
570 2947 812 3032 aliquantulum:
830 2960 862 3010 et
875 2947 944 3010 haec
959 2946 1108 3010 oscillatio
1119 2945 1152 3008 in
1163 2944 1267 3032 globis
1282 2945 1450 3010 levioribus

154 3065 186 3120 et
201 3055 321 3118 tardius
343 3055 536 3130 cadentibus,
563 3053 604 3117 ob
627 3053 729 3117 motin
752 3053 937 3140 languorem
960 3052 1023 3119 citb
1049 3064 1164 3128 cessat3
1194 3052 1227 3115 in
1251 3054 1449 3140 gravioribus

154 3178 260 3229 autem
274 3178 305 3228 et
319 3164 499 3250 majoribus,
516 3163 559 3227 ob
573 3163 675 3227 motirs
690 3163 904 3226 fortitudinem
919 3163 1036 3227 diutius
1051 3162 1153 3238 durat,
1170 3174 1202 3225 et
1216 3182 1280 3225 non
1296 3162 1358 3225 nisi
1375 3174 1448 3247 post

153 3276 261 3360 plures
276 3274 485 3338 oscillationes
500 3274 541 3337 ab
556 3273 636 3359 aquai
659 3273 814 3337 ambiente
835 3274 975 3338 cohiberi
994 3285 1107 3358 potest.
1154 3272 1335 3348 Quinetiam
1350 3274 1448 3360 globi,

155 3408 219 3471 quo
235 3386 404 3449 velociores
420 3398 504 3461 sunt,
529 3406 567 3447 eo
582 3385 685 3447 minus
701 3396 885 3468 premuntur
899 3408 919 3447 a
932 3384 1030 3447 fluido
1045 3382 1084 3447 ad
1100 3385 1236 3467 posticas
1248 3366 1319 3448 suas
1330 3397 1449 3469 partes;

156 3506 189 3558 et
204 3493 230 3557 si
246 3494 392 3556 velocitas
406 3506 559 3577 perpetuo
579 3507 740 3581 augeatur,
767 3494 900 3578 spatium
922 3516 1054 3558 vacuum
1070 3494 1195 3559 tandem
1211 3518 1230 3557 a
1244 3507 1333 3581 tergo
1356 3494 1450 3557 relin-

156 3620 261 3693 quent,
280 3607 318 3690 (¹³)
334 3607 393 3669 nisi
409 3609 598 3690 compressio
612 3607 700 3670 fluidi
715 3607 807 3670 simul
823 3619 982 3694 augeatur.
1015 3606 1120 3671 Debet
1135 3618 1240 3670 autem
1256 3607 1449 3690 compressio

154 3717 244 3782 fluidi
262 3723 332 3804 (per
349 3718 442 3801 Prop.
461 3716 616 3782 XXXII.
633 3730 665 3782 et
689 3717 877 3796 XXXIII.)
905 3718 941 3802 (ο)
957 3717 1065 3804 augeri
1088 3717 1121 3779 In
1146 3715 1303 3799 duplicatis
1330 3715 1450 3780 ratione

157 3825 337 3901 velocitatis,
364 3836 401 3886 ut
423 3823 596 3887 resistentia
611 3823 699 3887 sitin
719 3822 830 3888 eidem
852 3821 1008 3908 duplicati
1031 3822 1160 3887 ratione.
1207 3821 1366 3897 Quoniam
1387 3821 1450 3888 hoc

157 3955 222 3997 non
237 3933 283 4009 fit,
304 3934 390 4018 globi
406 3934 575 3998 velociores
589 3932 685 4017 paulo
699 3934 802 3998 minus
817 3945 1003 4019 premuntur
1017 3955 1036 3997 a
1050 3946 1150 4020 tergo,
1174 3943 1206 3994 et
1221 3930 1344 3994 deiectu
1359 3954 1447 4017 pres·

192 4173 227 4235 (²)
242 4177 254 4203 ⁹
270 4176 405 4222 Resr'stesstis
421 4177 493 4236 poulo
504 4175 659 4236 mainsendis
675 4192 748 4237 qaam
763 4177 791 4223 e'ss
823 4173 853 4223 ed
871 4174 969 4236 postiess
985 4173 1050 4222 illins
1067 4183 1143 4236 partes
1161 4174 1216 4221 satis
1232 4171 1279 4222 citd
1294 4187 1412 4220 recurrere
1427 4181 1451 4219 et

163 4235 281 4299 raptast
292 4241 380 4286 ratim
390 4242 518 4287 υάοιὶιαείε.
555 4238 579 4286 Si
590 4239 654 4285 enlm
664 4238 793 4287 ternanti·
823 4239 902 4287 locum
914 4255 928 4287 a
938 4239 1009 4314 globo
1019 4239 1126 4286 telletum
1134 4238 1211 4285 stetim
1218 4252 1332 4299 occupare
1343 4246 1450 4300 nequest,

163 4299 271 4351 accurate
292 4312 351 4348 esset
371 4302 396 4348 in
417 4301 537 4362 duplicati
552 4302 679 4350 velocitatis
695 4304 791 4359 mtioue,
824 4302 946 4351 nisiiluidr
956 4304 1095 4363 compressio
1111 4312 1232 4367 augeatur,
1252 4312 1280 4348 ut
1295 4317 1336 4363 per
1351 4300 1452 4350 fluidum

160 4377 266 4425 tempore
276 4364 374 4413 cedendi
386 4375 433 4413 tem
444 4382 485 4427 per
495 4368 654 4425 experimenta
666 4382 737 4429 quam
748 4383 790 4429 pes
822 4368 909 4428 pressio
919 4377 942 4415 et
952 4378 1031 4415 motus
1041 4367 1139 4415 celerius
1147 4376 1313 4429 propagentur.

162 4430 275 4478 theoriam
289 4429 392 4488 definite,
408 4441 570 4492 equarentun
588 4441 612 4478 st
627 4431 647 4477 si
663 4430 791 4480 resistentis
856 4431 891 4496 (‘)
904 4436 917 4462 ⁸
930 4434 1020 4494 Augeri
1035 4436 1061 4480 iss
1077 4429 1195 4493 duplicetd
1213 4437 1303 4479 ratione
1322 4432 1451 4488 velocitatis,

161 4495 317 4557 msjorqusm
329 4495 353 4541 in
364 4495 720 4555 duplicutrsuonevetociaus,
733 4506 791 4544 tem·
822 4496 865 4543 bc.
900 4496 964 4544 Nam
983 4506 1059 4559 partes
1075 4495 1142 4543 fluidi
1158 4511 1200 4557 per
1215 4495 1409 4556 compressionem
1425 4494 1452 4541 iu

163 4575 220 4622 pom
230 4559 316 4621 quibus
326 4575 410 4620 corpus
420 4559 525 4606 cadendo
535 4559 618 4607 datum
634 4560 736 4620 spatium
752 4560 793 4608 ds-
825 4575 851 4608 se
866 4571 950 4608 mutuo
966 4571 1041 4624 egunt
1053 4570 1077 4609 et
1094 4570 1200 4624 reegtmt,
1218 4561 1277 4608 etsi
1293 4560 1352 4607 sires
1368 4560 1454 4623 qubus

163 4624 249 4681 scribit,
262 4624 349 4686 majore
360 4640 409 4671 esse
420 4622 505 4671 debent
516 4624 539 4670 in
550 4624 713 4685 experimentis
723 4639 795 4687 quam
826 4623 893 4672 liutdi
909 4625 1028 4687 particule
1039 4641 1064 4673 ss
1074 4623 1158 4671 mutud
1174 4625 1270 4689 agitant,
1281 4635 1412 4688 augeantur
1427 4623 1453 4668 in

164 4687 189 4736 in
200 4688 297 4745 theorii,
313 4704 367 4751 quae
378 4690 492 4736 mitiorem
508 4688 659 4736 resistendam
676 4689 793 4750 supponit.
827 4688 947 4749 duplione
967 4691 1056 4738 ratione
1076 4688 1209 4745 velocitatis,
1234 4689 1363 4737 resistentie
1378 4697 1413 4735 est
1428 4686 1453 4732 in

198 4752 232 4815 (θ)
246 4759 259 4784 ⁸
273 4755 330 4803 Neri
345 4757 482 4815 compressio
493 4755 569 4819 flutas·
585 4755 657 4803 amul
670 4763 792 4864 augemur.
825 4753 907 4801 eidem
929 4755 1018 4802 ratione
1039 4752 1164 4815 duplicem,
1188 4769 1230 4817 per
1252 4753 1306 4802 Cor.
1332 4759 1354 4801 2.
1379 4751 1452 4811 Prop-

167 4815 646 4922 ιΙῦιιιιιειιίπιειιεροιοιιςΙοὺὶηῑοοὶιιι,
657 4827 685 4866 ut
710 4817 795 4866 nidum
829 4818 966 4866 XXXIII.

199 4894 234 4927 01..
248 4883 268 4932 I.
459 4897 462 4903 ’
782 4897 806 4946 U
818 4909 833 4939 u
956 4883 958 4886 Ι
