3202 5446
96 537 382 616 tracesiorum]
414 537 655 602 PRINCIPIA
680 498 1050 605 MATHEMA‘rrcA.
1310 553 1371 627 699

98 710 122 758 E
133 711 155 758 G
167 710 334 771 comprimitur,
342 711 413 759 estad
421 713 513 772 pondus
520 711 611 759 lineola
621 713 644 759 Β
654 713 685 768 G,
698 722 725 760 ut
756 722 877 760 moveatur
890 715 912 760 A
924 729 1004 761 versus
1022 715 1043 762 Β
1055 713 1175 762 velocitate
1191 713 1263 770 finiti,
1281 727 1306 765 et
1320 727 1380 765 tern-

96 776 119 820 A
127 775 157 821 ad
165 775 188 821 Β
199 775 230 830 G,
242 773 347 837 adebque
356 792 383 822 ex
394 791 468 838 aquo,
478 775 512 822 ris
519 776 567 838 qui
574 775 658 825 lineols
668 777 690 823 E
701 777 723 823 G
756 792 812 837 pore
832 777 923 825 indoitd
944 793 1015 838 parvo
1035 777 1149 826 describat
1169 780 1270 840 spatium
1292 781 1382 830 insutu

96 837 121 884 iu
130 839 480 903 singuliapunctiaurgetur,est
490 839 520 887 ad
531 841 581 901 ejus
589 839 688 900 pondus,
698 850 725 888 ut
756 856 853 902 parrum
864 841 931 900 primi
945 842 1032 890 ordinis
1044 845 1067 890 A
1080 857 1100 896 s,
1118 843 1152 889 ris
1163 844 1248 892 motrix
1264 845 1344 904 puncti
1357 847 1380 893 B

99 903 122 950 0
134 902 212 958 Rxn
222 903 253 950 ad
262 903 285 950 E
298 904 320 950 G
332 910 358 961 ><
371 904 401 956 V,
409 919 451 950 seu
461 913 488 950 ut
495 904 723 963 remi-parameteriu
755 904 799 951 erit
809 904 939 953 differentia
949 907 1033 954 virium
1044 906 1211 967 repulsivamm
1228 908 1309 968 puncti
1322 911 1345 956 A
1356 921 1381 958 et

99 966 383 1029 A,adVV(estenim0
395 967 454 1015 Rad
468 968 490 1014 Β
504 968 730 1024 GutTtsdBC,
758 970 786 1024 C,
803 980 838 1016 εει
851 971 975 1016 autemria
985 970 1100 1032 repulsira
1115 970 1196 1032 puncti
1209 973 1232 1018 A
1244 970 1285 1020 ubi
1299 987 1380 1033 perre-

94 1029 226 1092 atqueided
236 1040 264 1077 ut
274 1031 471 1090 semi-parameter
481 1030 511 1078 ed
521 1032 555 1092 V)
568 1031 603 1078 vei
613 1041 640 1078 ut
650 1038 665 1080 8
676 1032 723 1080 ΡΒ
756 1033 858 1088 nitius,
875 1033 963 1081 adrim
978 1035 1060 1095 puncti
1075 1035 1095 1084 C
1113 1037 1144 1100 (ai
1160 1036 1205 1082 im·

96 1093 219 1151 andB
232 1095 417 1158 0301>qu
430 1095 720 1158 BCqutsami-pararne·
753 1098 1202 1159 motumtupponatur)utBCadBa,
1270 1119 1277 1145 r
1307 1121 1315 1148 r
1371 1124 1379 1163 ς

94 1159 125 1204 tri
137 1159 276 1220 quadratum
287 1158 317 1206 ad
327 1159 366 1206 Τι
375 1159 445 1221 quad.
456 1163 537 1223 (atique
547 1157 601 1206 ided
611 1169 638 1207 ut
648 1165 663 1207 8
673 1160 694 1207 P
706 1161 723 1207 S
753 1169 777 1207 et
787 1160 912 1208 dindendo
926 1163 960 1209 vis
975 1163 1059 1210 motrix
1075 1163 1157 1225 puncti
1170 1164 1200 1220 B,
1228 1159 1235 1184 ⁸

93 1222 124 1269 od
134 1223 381 1284 semiparametrum.)
400 1223 481 1279 Quare
489 1223 544 1271 cim
554 1224 719 1287 temporaqui-
752 1224 783 1270 ad
802 1224 850 1272 rim
867 1225 1006 1285 repulsivam
1024 1229 1105 1288 puncti
1127 1228 1155 1283 C,
1174 1236 1202 1274 ut
1219 1208 1242 1253 A
1267 1223 1283 1255 ⁸
1307 1206 1330 1255 B
1356 1206 1377 1255 c

93 1287 137 1332 bus
147 1286 245 1348 aqualia
256 1301 352 1346 corpora
360 1302 401 1347 per
407 1287 505 1350 aqualia
513 1288 586 1349 spatia
592 1287 716 1347 impelluu-
751 1289 774 1335 Β
788 1289 808 1336 C
818 1316 851 1327 -
863 1290 908 1337 Ba
919 1291 964 1364 (ε
973 1292 996 1337 A
1004 1291 1031 1351 a)
1042 1291 1072 1338 ad
1082 1293 1132 1341 Ba.
1153 1290 1201 1340 Sed

94 1359 139 1405 tur,
151 1350 197 1396 sint
205 1350 353 1411 reciprocein
361 1351 524 1412 subduplicata
531 1352 620 1398 ratione
626 1353 718 1408 virium,
752 1357 775 1399 A
787 1369 808 1408 a,
819 1363 854 1400 est
864 1353 954 1402 infinito
963 1369 1061 1415 parvum
1072 1370 1101 1403 ar
1112 1356 1233 1417 hypothesi
1243 1366 1267 1402 et
1280 1356 1328 1403 Ba
1338 1363 1375 1404 est

92 1415 137 1461 erit
157 1424 250 1474 tempus
271 1413 404 1462 vibrationis
424 1415 501 1471 unius,
520 1426 619 1478 urgente
638 1416 660 1463 ri
677 1416 718 1463 illa
749 1415 816 1463 finita
831 1417 954 1480 quantitas,
973 1433 1030 1481 ergo
1046 1419 1080 1466 vie
1095 1419 1179 1466 motrir
1196 1419 1277 1480 puncti
1291 1420 1321 1477 Β,
1339 1429 1374 1466 est

92 1477 194 1534 elastica,
210 1477 241 1524 ad
252 1487 344 1539 ternpus
358 1480 430 1527 unior
440 1479 573 1527 vibrationis
584 1490 682 1540 urgente
693 1481 715 1526 ri
749 1480 840 1527 infinite
856 1497 925 1541 parva
941 1482 975 1529 ris
990 1494 1095 1543 respectu
1110 1483 1145 1530 ris
1161 1483 1282 1544 repulairae
1293 1483 1375 1543 puncti

92 1541 209 1601 ponderis,
223 1542 246 1587 in
257 1541 416 1603 subdupfioati
427 1543 515 1590 ratione
528 1544 549 1591 Β
559 1543 635 1591 C²ad
647 1544 718 1592 8'1’8
752 1545 779 1599 C,
796 1560 849 1606 quae
861 1546 894 1592 rie
904 1546 1019 1606 repulairs
1029 1561 1071 1606 pro
1081 1547 1131 1608 ipsa
1142 1548 1164 1593 vi
1176 1547 1275 1594 naturali
1286 1546 1374 1595 elaterii

96 1614 122 1664 ><
144 1607 175 1651 A.
214 1612 292 1668 Atque
311 1605 371 1655 oded
387 1607 417 1655 ad
436 1618 528 1667 tempus
546 1606 668 1654 descensis
684 1623 711 1654 ex
745 1609 832 1654 assumi
848 1619 937 1668 potest3
955 1609 1078 1658 riaautem
1094 1611 1234 1658 eiecticitetis
1244 1621 1280 1658 est
1292 1626 1372 1672 exge-

92 1669 216 1716 altitudine
227 1670 243 1732 ξ
256 1673 286 1727 A,
299 1670 323 1716 in
334 1670 494 1731 subduplioati
504 1672 592 1718 ratione
607 1671 715 1718 sse²ad
747 1687 801 1719 uere
818 1676 968 1733 pressionem,
986 1683 1090 1734 tempore
1107 1673 1197 1722 indnitd
1217 1690 1288 1736 parvo
1309 1673 1374 1721 velo-

92 1738 107 1780 8
117 1733 139 1780 P
151 1734 167 1780 S
180 1739 206 1791 Χ
226 1739 246 1781 A
258 1746 282 1782 et
291 1734 451 1795 subduplicata
462 1736 550 1782 ratione
561 1734 606 1781 ΒΡ
617 1737 633 1782 S
643 1735 673 1782 ad
683 1738 715 1790 A,
747 1737 839 1782 citatem
852 1736 942 1784 infinite
952 1753 1046 1798 parram
1057 1748 1186 1800 generaret,
1201 1754 1255 1800 quar
1265 1737 1374 1786 velocitas

92 1799 137 1844 hoc
147 1808 183 1845 εει
192 1802 218 1844 in
228 1798 316 1845 ratione
327 1799 417 1861 integra
429 1799 450 1846 Β
465 1799 525 1846 Cad
539 1800 571 1845 A.
601 1798 647 1846 Sed
658 1811 716 1846 teru-
747 1799 838 1847 infinite
856 1815 927 1860 parva
945 1801 1044 1848 durante
1062 1812 1167 1862 tempore
1186 1801 1277 1850 infinite
1294 1816 1371 1862 porro,

94 1876 150 1921 pore
162 1862 233 1908 unius
243 1863 375 1909 vibrationia
385 1862 466 1923 pulsus
482 1862 650 1924 progrediendo
660 1879 715 1911 oon·
747 1865 848 1924 spatium
860 1863 949 1912 infinite
960 1880 1056 1925 parrum
1072 1865 1167 1913 wcundi
1184 1865 1271 1912 ordinis
1287 1865 1372 1912 deacri-

95 1926 143 1973 iicit
153 1925 300 1974 latitudinem
311 1941 378 1973 suam
392 1928 412 1973 Β
427 1927 453 1974 C.
490 1927 557 1989 Ergo
566 1936 658 1987 tempus
668 1943 716 1990 quo
747 1929 800 1974 bere
811 1928 907 1976 faceret:
926 1944 983 1990 ergo
993 1928 1106 1992 siquidem
1118 1929 1153 1975 ris
1163 1929 1247 1975 motrix
1259 1929 1371 1988 punctiB

92 1989 174 2049 pulsus
195 1991 309 2050 percurrit
329 1990 429 2050 spatium
450 1990 471 2037 Β
489 1991 509 2038 C
526 2000 561 2037 εει
576 1992 606 2038 ad
623 2000 716 2052 tempus
747 1991 817 2052 hujus
836 1993 869 2038 ria
888 2004 991 2052 respectu
1013 2003 1049 2040 εει
1064 1991 1155 2040 infinite
1174 2007 1250 2052 parva,
1269 2003 1372 2052 tempore

92 2053 214 2101 dercensbs
222 2069 249 2100 ex
258 2054 381 2102 altitudine
389 2054 405 2117 ᾖ
414 2059 444 2110 A,
454 2065 481 2101 ut
492 2056 512 2101 Β
524 2055 582 2102 Cod
594 2057 623 2101 A.
644 2055 714 2102 Tem-
746 2055 836 2102 infiniti
847 2071 918 2116 parvo
934 2057 1033 2117 epatium
1046 2054 1137 2103 infiniti
1147 2071 1244 2117 porrum
1260 2056 1374 2103 duntorot

94 2133 138 2177 pus
153 2129 232 2165 autem
247 2133 295 2180 quo
311 2118 392 2177 pulsus
407 2118 520 2178 percurrit
535 2118 633 2178 spatium
648 2122 671 2165 A
682 2130 717 2166 ert
748 2119 809 2165 tertii
819 2120 907 2166 ordinis
917 2120 1044 2168 describere
1053 2121 1151 2177 feceret3
1165 2120 1244 2166 nullus
1254 2135 1311 2182 ergo
1321 2135 1373 2166 mo-

92 2183 122 2229 od
133 2192 282 2244 temporquo
294 2185 407 2242 percurrit
415 2183 515 2243 spatium
531 2183 553 2231 B
567 2183 595 2239 C,
613 2192 640 2229 ut
652 2186 675 2229 A
686 2183 715 2230 ad
747 2192 786 2229 tus
796 2183 821 2229 in
830 2196 917 2243 puncto
927 2185 948 2232 Β
958 2185 1105 2245 generabitur
1114 2183 1157 2229 nisi
1165 2184 1264 2244 spatium
1272 2185 1373 2243 descrip-

95 2247 117 2292 B
132 2248 160 2302 C,
172 2244 277 2308 aderique
288 2247 377 2308 equale
388 2247 485 2306 tempori
496 2245 653 2294 descensusex
663 2246 716 2294 alti-
747 2256 799 2293 tum
812 2249 833 2293 A
846 2263 861 2294 a
871 2248 901 2294 sit
912 2248 976 2295 finita
986 2249 1110 2309 quantitas,
1122 2247 1373 2309 nuliaergoeritcom·

92 2309 203 2373 tudiueff
218 2313 248 2357 A.
746 2311 833 2371 pressio
843 2311 904 2358 inter
915 2322 1003 2372 puncta
1016 2313 1036 2358 Β
1048 2323 1072 2358 ει
1085 2313 1112 2358 C.
1150 2313 1181 2367 Q,
1191 2327 1212 2358 e.
1225 2311 1249 2358 d.

126 2373 176 2420 Hic
189 2373 325 2429 notandum,
337 2373 400 2436 quod
411 2373 509 2420 absurda
521 2374 557 2430 sit,
569 2383 592 2420 et
602 2373 669 2421 sacili
679 2389 715 2420 re-
780 2379 801 2423 5.
818 2379 888 2424 Corui.
903 2381 923 2422 l.
942 2376 1030 2423 Nullus
1037 2391 1093 2436 ergo
1103 2385 1216 2421 motuaex
1225 2385 1313 2434 puncto
1323 2390 1372 2422 me·

92 2437 190 2485 futanda
206 2438 338 2498 hypothesis
354 2436 392 2483 hic
408 2451 532 2497 assumpta,
552 2438 616 2498 quod
632 2453 715 2499 nempe
746 2437 778 2484 dii
790 2439 876 2486 elsatici
887 2439 911 2485 in
921 2451 1034 2498 punctum
1044 2439 1175 2498 proximum
1185 2439 1372 2486 transferturniai

92 2503 174 2562 pulsus
195 2511 341 2564 propagetur,
369 2502 488 2561 particulis
509 2504 617 2548 cuntibus
638 2512 661 2548 et
679 2517 714 2548 re·
745 2511 798 2561 post
808 2514 900 2563 ternpus
911 2503 1011 2559 finitum,
1023 2518 1082 2552 ,nem
1095 2502 1195 2562 spatium
1208 2503 1301 2549 finitum
1315 2507 1337 2548 A
1349 2519 1371 2561 a,

91 2566 216 2615 deuotibus
227 2581 268 2626 pro
279 2565 331 2627 lege
341 2566 417 2628 gravis
433 2565 576 2613 ascendentis
586 2576 609 2612 et
619 2566 713 2613 descen·
745 2567 838 2613 nonnisi
849 2578 952 2628 tempore
963 2568 1029 2614 iinito
1040 2566 1142 2626 percurri
1158 2576 1233 2628 potest
1249 2582 1290 2626 per
1307 2566 1369 2614 reio-

90 2629 173 2677 deutie.
210 2628 301 2676 Verirm
317 2629 340 2676 id
356 2629 433 2690 ipsum
449 2639 483 2676 est
498 2630 561 2691 quod
571 2629 713 2677 demonstre-
747 2629 840 2678 citatem
852 2631 948 2678 finitam.

90 2694 179 2741 tionem
191 2694 369 2741 Nerrtoniauam
386 2693 474 2750 evertit,
491 2693 633 2741 ostendendo
644 2695 713 2741 nimi-
777 2701 799 2743 6.
815 2698 884 2744 Corui.
899 2701 921 2742 2.
941 2696 975 2742 Ει
987 2693 1093 2742 velocitas
1104 2694 1170 2741 finita
1180 2695 1205 2740 in
1217 2694 1372 2754 punctoelas-

90 2773 144 2804 rum
161 2773 212 2805 eam
232 2759 305 2818 ipsam
325 2756 431 2805 absurda
448 2758 571 2819 hypothesi
589 2758 713 2819 probanda}
746 2758 792 2806 rico
810 2759 909 2806 excitata
927 2774 975 2805 nou
996 2759 1125 2805 mutabitur
1146 2758 1192 2804 nisi
1208 2768 1260 2817 post
1277 2767 1372 2819 tempus

91 2837 157 2884 aque
168 2822 283 2868 inservire.
745 2821 837 2869 finitum
848 2832 872 2868 et
882 2833 1003 2884 postquam
1014 2823 1141 2883 quontitate
1152 2820 1220 2868 finiti
1229 2823 1369 2881 processerit.

123 2889 244 2935 Hactenus
260 2889 295 2934 uir
309 2888 466 2941 doctissimus,-
482 2894 650 2949 aequaeuam
661 2889 714 2947 qai·
748 2887 801 2932 Sint
818 2888 880 2932 enim
899 2886 970 2932 medii
989 2884 1107 2944 particuire
1125 2886 1152 2939 Z,
1167 2888 1198 2937 A,
1215 2885 1243 2940 B,
1262 2885 1372 2944 procedat

89 2953 301 3011 burrertitniporse
313 2952 491 2997 Neretonionam
501 2953 715 2999 dnnomtrotioroem
747 2960 862 3009 punctum
882 2952 904 2995 A
924 2949 1044 2996 velocitate
1063 2946 1128 2994 finiri
1151 2957 1279 3008 utcumque
1300 2949 1324 2994 in
1346 2949 1371 2996 id

93 3017 217 3062 credimur.
747 3025 861 3073 puuctum
883 3013 1001 3073 producta,
1024 3021 1048 3058 et
1068 3021 1172 3072 tempore
1193 3009 1284 3058 infinite
1301 3027 1372 3073 perro

747 3076 862 3124 describat
876 3078 977 3137 spatium
993 3073 1083 3122 infinite
1099 3089 1197 3134 parrum

140 3141 179 3190 De
191 3139 297 3188 Motibus
308 3140 333 3186 in
347 3138 432 3187 Fiuido
444 3139 547 3188 Eiastico
560 3141 658 3188 Garritis.
750 3143 773 3186 A
784 3156 805 3194 a,
824 3142 858 3188 ris
872 3140 921 3204 qui
936 3142 1027 3187 sistetur
1043 3155 1070 3185 ca
1087 3138 1195 3186 velocitas
1212 3160 1231 3207 z
1278 3160 1299 3205 Α
1347 3162 1369 3209 Β

747 3205 833 3251 orietur
843 3221 871 3252 ex
882 3204 1012 3252 differentia
1024 3203 1106 3249 virium
1117 3202 1194 3249 eleati-

124 3275 145 3317 l.
160 3271 303 3332 Hypotierir.
336 3269 448 3328 Suppono
468 3267 571 3314 medium
594 3267 714 3315 clasticum
747 3283 827 3315 oerum
837 3269 918 3329 puncti
930 3269 980 3315 Zet
990 3267 1070 3328 puncti
1079 3269 1106 3324 B,
1115 3277 1196 3329 estque
1210 3271 1370 3307 Ἶ-ΤἻ·

89 3345 193 3382 constare
203 3333 302 3394 punctis,
313 3334 441 3395 quantitate
451 3333 535 3394 exigui
547 3331 586 3379 sed
598 3331 714 3380 initiare
745 3331 1198 3393 riepunctiBadrimpuuctiZutAB
1315 3347 1330 3379 a

90 3398 182 3456 dimitis,
200 3408 224 3444 et
234 3397 256 3442 ri
267 3395 382 3457 repulsirri
393 3395 484 3443 donatis
494 3412 547 3458 qure
560 3396 675 3444 distantiae
685 3397 714 3443 ii·
747 3397 779 3461 -Ι-
791 3398 814 3443 A
823 3397 873 3444 aad
887 3399 941 3446 AB
949 3424 981 3435 -
991 3398 1014 3443 A
1021 3411 1043 3452 a,
1055 3404 1079 3442 et
1088 3394 1194 3442 dividen-

90 3463 166 3509 lorum
185 3471 325 3523 punctorum
344 3460 374 3506 ait
391 3460 506 3521 reciproce
523 3460 712 3521 proportionalis;
744 3461 776 3509 do
797 3461 831 3508 ria
853 3459 936 3506 aierem
957 3468 1072 3517 punctum
1090 3458 1113 3503 A
1131 3456 1162 3503 ad
1177 3457 1225 3505 rim
1241 3459 1322 3519 puncti
1339 3459 1366 3515 Ζ,

91 3541 134 3573 nec
150 3525 179 3573 ad
195 3527 241 3573 alio
259 3535 346 3584 puncta
365 3535 449 3585 preter
466 3541 494 3571 ea
512 3540 565 3586 qua·
582 3525 715 3573 immediato
746 3534 773 3571 ut
788 3530 803 3570 2
817 3525 905 3571 Aaad
919 3527 941 3570 A
955 3523 1089 3577 B-At,
1106 3521 1147 3568 sed
1163 3524 1214 3569 Aa
1229 3534 1263 3569 εει
1279 3521 1370 3570 insuite

89 3591 312 3650 proximasuntsase
320 3588 436 3661 extendit:
450 3590 494 3635 hoc
503 3589 565 3636 euim
573 3588 644 3636 modo
650 3603 713 3651 qum-
745 3603 843 3649 parvum
854 3598 958 3648 respectu
968 3587 1102 3659 quonaone
1115 3589 1137 3633 A
1152 3586 1173 3634 Β
1185 3612 1216 3623 -
1229 3588 1252 3633 A
1264 3601 1285 3640 a,
1303 3601 1368 3649 ergo,

90 3651 714 3781 ttrtttfflut‘ititittthfflt
745 3667 780 3762 {1¹2⁸
783 3661 915 3775 ,titt
916 3653 1032 3777 ”2⁰:22
1043 3649 1245 3761 εἲὲἳῗῗίῗιὲἒῗ
1246 3664 1368 3770 tiit-rt

91 3783 150 3830 terio
161 3782 269 3842 pendent.
745 3778 798 3826 ided
815 3779 908 3842 (eodem
923 3778 994 3826 modo
1010 3794 1037 3825 rc
1052 3777 1077 3824 in
1090 3777 1251 3825 Theoreuratis
1269 3776 1367 3823 demon·

123 3853 145 3893 2.
161 3849 231 3895 Corol.
248 3851 268 3892 l.
288 3844 363 3892 Medii
372 3844 458 3892 elsatici
469 3855 541 3892 status
557 3844 669 3891 naturalis
679 3854 714 3891 εει
745 3853 842 3890 stratum
853 3844 909 3905 suit)
921 3843 1061 3905 probabitur,
1072 3842 1120 3887 vim
1131 3840 1195 3887 illem
1209 3849 1313 3900 tempore
1328 3841 1367 3886 in.

89 3921 118 3958 ut
129 3923 215 3970 puncta
226 3909 276 3972 ejus
286 3909 378 3956 elastica
385 3926 399 3955 a
407 3925 432 3956 se
442 3907 526 3956 mutuo
537 3910 656 3971 aqualiter
666 3909 713 3954 dia-
744 3907 810 3955 finite
821 3923 891 3966 parco
902 3907 1000 3968 parium
1011 3905 1101 3952 infinite
1108 3919 1204 3964 parvum
1212 3905 1272 3952 tertii
1280 3904 1369 3951 ordinis

90 3985 147 4023 tem.
744 3975 923 4031 producturam:
946 3986 1017 4033 quare
1033 3969 1121 4017 etiamsi
1138 3968 1230 4030 singula
1251 3977 1338 4028 puncta
1353 3985 1368 4017 a

123 4047 144 4086 3.
157 4041 228 4088 Corol.
244 4044 265 4084 2.
290 4037 382 4084 Puncta
397 4037 490 4084 elestica
505 4037 648 4083 velocitatem
661 4035 713 4082 fini·
744 4046 809 4095 parte
822 4036 843 4082 Β
855 4034 928 4096 posita
939 4034 1023 4097 equali
1034 4033 1055 4080 ri
1067 4043 1161 4095 agerent
1176 4047 1304 4095 eorumque
1320 4048 1366 4079 uu-

91 4115 137 4151 tarn
151 4103 265 4162 suscipere
276 4112 372 4161 possunt
383 4102 418 4147 vei
430 4118 470 4162 per
486 4100 647 4147 immediatum
657 4115 712 4146 con-
744 4115 822 4147 merus
832 4099 937 4146 infinitus
947 4099 1013 4155 foret,
1031 4097 1090 4144 vires
1101 4097 1147 4143 illo
1162 4110 1244 4143 omnes
1259 4111 1306 4142 non
1323 4097 1368 4143 nisi

91 4179 179 4215 tamum
191 4167 291 4226 eorporis
302 4166 366 4221 moti,
379 4165 498 4212 velocitate
508 4163 551 4211 suri
562 4163 627 4210 finiet
638 4179 712 4224 punc·
744 4165 845 4223 epatium
855 4162 945 4211 intuite
955 4176 1052 4222 parrum
1064 4159 1160 4207 secundi
1176 4160 1263 4207 ordinis
1277 4159 1368 4208 infinito

91 4244 141 4280 turn
159 4231 278 4277 clasticum
295 4230 400 4292 urgentis
411 4230 447 4276 rel
459 4244 499 4288 per
508 4229 622 4275 actionem
639 4228 712 4275 conti-
744 4243 815 4287 parvo
834 4238 936 4286 tempore
955 4242 983 4272 er
1002 4226 1076 4286 spatio
1096 4225 1119 4271 A
1136 4239 1150 4270 a
1166 4223 1247 4271 eodem
1263 4233 1368 4286 temporo

91 4309 187 4344 nuatum
198 4294 232 4339 ris
242 4293 363 4353 repuntve
374 4305 513 4353 punctorum
529 4292 676 4339 eiasricorum
692 4292 711 4338 si
744 4292 859 4351 descripto
869 4291 1022 4345 detraherent,
1038 4297 1143 4335 maneret
1153 4287 1231 4349 itaque
1242 4286 1311 4346 idern,
1328 4304 1368 4335 ro·

90 4365 120 4409 ab
132 4359 179 4407 und
190 4368 254 4418 parte
265 4356 344 4403 fortior
355 4359 385 4402 sit
395 4356 465 4418 quim
476 4361 505 4403 ab
516 4355 568 4402 aiii.
600 4357 713 4417 Reliquas
743 4356 825 4402 locitas
856 4370 912 4417 ergo
924 4354 1003 4415 puncti
1014 4354 1037 4399 A
1047 4367 1094 4399 noo
1103 4352 1231 4398 mutabitur
1239 4366 1267 4398 ex
1276 4354 1368 4400 actioua

90 4440 171 4472 causas
182 4435 266 4474 motus,
279 4431 306 4466 ut
316 4423 458 4483 gravitatm,
472 4421 529 4467 vires
537 4420 655 4477 centrales,
667 4422 709 4467 dre.
743 4420 850 4466 omnium
860 4431 999 4479 punctorum
1007 4416 1077 4463 medii
1086 4415 1180 4472 eiastici,
1194 4416 1237 4461 niai
1248 4427 1300 4476 post
1307 4426 1367 4464 tem·

90 4491 185 4536 hicnon
198 4486 376 4533 consideramus.
744 4500 788 4544 pua
804 4483 897 4530 finitum
912 4493 936 4530 et
951 4492 1072 4544 postquam
1088 4479 1153 4527 finita
1169 4480 1297 4541 quantitate
1312 4497 1367 4543 pro.

122 4562 144 4599 ⁴.
162 4556 242 4600 Ticer.
260 4557 278 4596 l.
301 4550 324 4594 Si
337 4549 444 4595 velocitas
456 4548 520 4593 finita
530 4547 712 4608 quomodocum.
744 4550 843 4595 cesserit.

89 4634 135 4680 que
146 4617 259 4663 excitetur
270 4615 294 4659 in
306 4627 394 4674 puncto
405 4613 505 4666 eiastico,
517 4611 631 4658 distentio
642 4613 692 4673 ejus
699 4628 714 4659 a
777 4618 799 4660 7.
815 4614 887 4661 Corui·
897 4616 919 4658 8.
936 4610 961 4657 Si
969 4608 1142 4656 considerentur
1149 4607 1272 4656 innumera
1281 4619 1369 4670 puncta

89 4683 195 4742 proximo
211 4688 299 4740 puncto
310 4692 389 4724 versus
399 4677 462 4738 quod
474 4686 578 4723 movetur
596 4677 714 4723 minuetur
745 4676 837 4724 eiaetica
847 4674 929 4723 ordine
940 4675 965 4720 in
975 4672 1038 4719 linei
1048 4673 1110 4720 recti
1118 4672 1198 4733 posita
1211 4673 1368 4731 nectttenda-

90 4747 155 4792 finiti
166 4746 294 4806 quantitate
305 4753 430 4803 antequam
442 4741 466 4786 in
478 4741 567 4802 reliquo
577 4741 655 4786 medio
666 4741 714 4787 sac-
745 4741 824 4788 turad
836 4740 881 4787 alia
891 4756 943 4802 qua
955 4737 1135 4799 circumquique
1151 4736 1251 4784 solidum
1268 4738 1369 4798 spatium

89 4821 128 4855 tus
138 4811 167 4856 ait
180 4809 242 4856 uilus
253 4818 331 4854 motus
342 4806 436 4868 ullaque
452 4805 603 4864 compressio:
622 4804 669 4851 siut
683 4807 713 4862 A,
746 4807 900 4862 constituunt,
911 4805 931 4850 si
943 4817 1017 4850 unum
1024 4802 1143 4848 velocitate
1152 4800 1216 4848 finiti
1222 4800 1369 4864 quicumque

69 4910 72 4918 .
91 4873 120 4932 B,
136 4877 165 4931 C,
185 4874 229 4920 trie
248 4883 334 4933 puncta
351 4871 422 4919 medii
441 4869 526 4918 eiectici
547 4867 723 4933 aquidistentia,
747 4885 774 4917 er
787 4869 857 4918 causi
873 4878 989 4933 urgeatur,
1008 4882 1060 4929 quie
1076 4865 1220 4914 cooetansiu
1231 4881 1259 4914 co
1269 4876 1370 4923 mrum,
