3202 5446
61 441 176 498 braun
191 429 358 512 Paruum
422 423 667 497 PRINCIPIA
689 427 1057 499 MATHEMATICA.
1276 441 1335 507 271

58 609 147 696 pleti
160 609 257 696 igitur
270 605 380 695 quartis
394 620 483 692 parte
498 606 698 672 revolutionis
713 607 805 671 unius
819 628 932 692 eorpus
954 605 1113 691 perveniet
1136 606 1178 672 ad
1200 608 1339 693 apsidem

57 717 165 794 imam,
181 728 213 780 et
226 713 380 799 completi
399 714 458 778 alia
473 713 581 801 quarti
596 726 684 799 purte
696 713 736 778 ad
751 713 889 798 apsidem
904 734 1066 791 summam,
1083 725 1115 777 et
1135 714 1178 778 sio
1192 714 1339 801 deinceps

57 823 214 908 pervices
228 823 263 885 in
284 822 449 886 infinitum.
494 820 533 886 ld
556 821 590 906 (²)
613 820 697 906 quod
719 821 812 887 etiam
837 842 878 884 ex
905 820 1121 904 Propositione
1136 821 1181 885 X.
1196 821 1340 886 manifes-

57 942 128 996 tum
142 942 198 994 est
242 928 327 994 Nam
342 951 453 1013 eorpus
468 940 598 1016 urgente
611 927 671 993 hoc
685 928 715 990 vi
730 926 898 1012 centripetd
914 926 1088 991 revolvetur
1101 927 1134 989 in
1156 927 1256 1011 ellipsi
1279 929 1340 992 im·

54 1036 177 1115 mobili,
193 1037 280 1121 eujus
295 1046 435 1100 centrum
449 1035 543 1099 estin
565 1047 671 1099 centro
696 1035 817 1097 virium.
863 1032 959 1110 Quod
985 1033 1011 1097 si
1034 1033 1079 1098 vis
1105 1035 1274 1120 centripeta
1299 1036 1340 1100 sit

55 1203 219 1293 reciprocis
233 1219 269 1270 ut
282 1205 435 1284 distantia,
451 1204 484 1269 id
499 1218 546 1269 est
562 1203 678 1269 directe
693 1217 728 1268 ut
749 1149 781 1306 ἑ
796 1226 850 1268 seu
873 1137 951 1305 {ds
968 1204 1027 1268 erit
1036 1226 1058 1266 n
1069 1202 1197 1290 oequalis
1209 1212 1239 1281 2,
1249 1204 1337 1271 ideo·

57 1436 124 1503 que
144 1414 227 1479 inter
248 1411 389 1499 apsidem
411 1434 564 1477 summam
590 1424 622 1476 et
646 1411 739 1475 imam
768 1413 899 1500 angulus
922 1414 981 1477 erit
997 1411 1150 1500 graduum
1174 1357 1261 1515 &92-
1282 1435 1338 1480 seu

60 1569 125 1631 127
138 1583 187 1649 gr.
213 1570 251 1627 16
267 1583 308 1625 m.
331 1569 372 1626 45
388 1582 449 1624 sec.
475 1572 507 1624 et
527 1571 693 1644 propterea
714 1580 828 1645 eorpus
853 1560 907 1624 tali
934 1560 964 1623 vi
990 1559 1161 1637 revolvens,
1186 1557 1337 1643 perpetud

56 1667 168 1757 anguli
184 1667 275 1752 hujus
290 1668 481 1751 repetitione,
498 1666 617 1730 vicibus
632 1665 757 1730 alternis
772 1667 812 1730 ab
827 1666 933 1750 apside
948 1667 1067 1730 summit
1082 1665 1230 1728 adimam
1251 1677 1284 1729 et
1296 1665 1337 1729 ab

56 1773 122 1838 imai
136 1773 177 1838 ed
191 1795 344 1837 summam
357 1774 517 1858 perveniet
530 1773 563 1835 in
577 1787 738 1835 aeternum.
784 1773 884 1836 Porro
899 1773 925 1836 si
940 1772 985 1836 vis
1007 1771 1177 1855 centripete
1197 1771 1237 1835 sit
1257 1771 1337 1834 reci-
1418 1825 1422 1829 .

56 1879 154 1968 proed
169 1894 205 1945 ut
218 1881 298 1945 latus
313 1880 649 1967 quadratoqusdrntum
664 1881 836 1945 undecimae
851 1881 1008 1968 dignitatis
1032 1879 1211 1958 altitudinis,
1234 1881 1268 1946 id
1289 1893 1338 1948 est

60 2052 218 2141 reciproob
232 2066 268 2117 ut
285 2048 365 2134 ΑῙςῑ,
383 2053 422 2134 (¹¹)
438 2052 570 2139 ideoque
581 2051 697 2117 directe
711 2066 747 2118 ut
758 1998 835 2170 ἐξ
853 2076 907 2118 seu
923 2066 958 2117 ut
972 1992 1039 2156 Ξὲ-
1053 2052 1112 2116 erit
1128 2074 1151 2115 n
1165 2053 1292 2138 aequalis
1304 2057 1336 2138 ξ,

64 2217 173 2374 a&
188 2291 236 2357 gr.
252 2268 378 2354 aequalis
395 2276 457 2333 360
471 2290 519 2354 gr.
535 2280 567 2330 et
579 2278 744 2351 propterea
759 2287 870 2350 corpus
896 2264 935 2328 de
961 2265 1068 2348 apside
1094 2264 1214 2330 aummd
1239 2265 1338 2331 disce·

65 2417 139 2482 dens
154 2430 188 2481 et
202 2415 333 2480 subinde
356 2414 508 2500 perpetub
534 2414 734 2491 descendens,
760 2414 920 2498 perveniet
938 2404 979 2477 ad
1002 2413 1140 2498 apsidem
1167 2415 1261 2478 imam
1284 2413 1339 2479 ubi

64 2523 230 2608 oomplevit
259 2523 481 2586 revolutionem
510 2521 672 2609 integram,
704 2520 775 2584 dein
807 2534 959 2605 perpetuo
995 2542 1120 2584 ascensu
1154 2520 1340 2605 complendo

61 2630 153 2695 aliam
168 2629 393 2694 revolutionem
415 2630 577 2716 integram,
602 2628 715 2691 redibit
738 2626 779 2691 ad
804 2627 941 2711 apsidem
968 2649 1138 2691 summam:
1162 2640 1194 2691 et
1216 2627 1261 2691 sic
1282 2649 1340 2713 per

59 2737 143 2802 vioes
157 2736 192 2800 in
206 2750 367 2801 aeternum.

102 2849 241 2929 Erempl.
266 2857 295 2912 3.
330 2848 532 2911 Assumentes
555 2868 588 2909 m
613 2858 645 2910 et
668 2867 690 2908 n
713 2866 772 2930 pro
797 2844 955 2930 quibusvis
979 2843 1131 2907 indicibus
1154 2842 1339 2929 dignitatum

51 2952 243 3034 altitudinis,
260 2967 291 3019 et
305 2955 336 3033 b,
352 2977 369 3018 c
383 2976 442 3038 pro
456 2953 592 3018 numeris
607 2954 765 3040 quibusvis
776 2953 865 3031 datis,
882 2965 1033 3037 ponamus
1055 2954 1117 3016 vim
1138 2954 1338 3038 centripetum

46 3174 131 3235 quim
152 3175 316 3237 compendiosa
335 3174 365 3221 sit
387 3173 541 3222 Nevnoniana
562 3172 684 3221 methodus

47 3251 151 3288 notum
161 3240 270 3302 apsidum
281 3238 454 3291 detor-minandi,
468 3253 521 3284 narn
532 3249 684 3299 preterquam

45 3305 125 3362 qnod
134 3306 219 3352 suffieit
230 3305 289 3351 duos
299 3303 439 3366 dignitatum
455 3302 564 3349 terminos
575 3302 683 3357 invenire,

51 3379 158 3478 mut
183 3367 363 3481 polqutherguini
374 3366 482 3478 ἱᾳυὲῑῗ
490 3367 511 3413 tt
526 3366 598 3478 {⁸th
595 3367 617 3413 T
618 3367 646 3477 ἒ
657 3366 683 3422 F,

57 3489 84 3538 F
102 3449 164 3554 gild,
175 3496 262 3553 deleri3
281 3495 344 3543 nndd
355 3432 523 3542 tantummodd.
531 3493 685 3541 conferendus

57 3561 173 3609 hminum
182 3561 251 3608 datus
266 3562 288 3608 R
303 3561 325 3607 G
339 3561 361 3607 G
373 3573 427 3606 ωιιι
439 3558 489 3605 aliis
504 3559 608 3605 terminis
618 3557 682 3612 datis.

63 3626 207 3735 autminus
217 3640 266 3672 non
279 3624 347 3671 datus
357 3650 388 3660 -
402 3623 421 3670 F
434 3622 454 3669 p·
469 3622 557 3669 ileum
573 3623 624 3669 eliis
637 3638 685 3669 non

10 3736 16 3763 ¹
102 3751 130 3814 (ι)
146 3757 159 3781 ·
175 3757 205 3802 ιι
215 3756 277 3816 ,ma
287 3755 356 3800 num
367 3768 392 3798 η
405 3754 472 3812 rev».
489 3751 532 3807 x..
548 3752 589 3798 sc„
622 3750 685 3797 uam
793 3734 818 3801 ιζ.

76 3821 147 3874 (ψ
155 3829 252 3881 urgente
268 3816 312 3863 bie
332 3816 353 3862 vi
373 3815 498 3874 centripetb
516 3815 645 3861 revolvetur
660 3814 684 3860 in
959 3818 964 3846 ¹

10 3874 12 3885 '
79 3871 139 3939 dirps
150 3881 261 3928 immiti
274 3881 297 3927 V
309 3896 323 3940 p
335 3899 355 3928 ι
365 3896 388 3935 n,
405 3881 472 3941 cujus
489 3892 593 3926 centrum
610 3890 643 3926 ast
659 3878 684 3924 in

81 3949 144 3991 mo
152 3946 234 3993 virium
249 3947 278 4000 C,
289 3945 339 3991 axis
349 3955 489 3991 transversus
501 3944 523 3989 V
535 3958 558 3998 n,
570 3943 619 3989 axis
629 3958 684 3990 con-

81 4001 158 4068 iturus
168 4031 187 4057 c
196 4025 219 4072 q,
231 4009 322 4070 apsides
336 4023 435 4055 summm
451 4007 504 4054 duae
517 4008 547 4063 V,
560 4022 582 4057 a,
594 4008 647 4053 irnae
658 4025 684 4064 e,
752 4037 755 4041 «

83 4077 104 4127 t:
121 4073 222 4135 ellipseos
238 4084 318 4120 autem
334 4073 425 4120 mobilis
443 4074 464 4117 V
478 4072 499 4119 P
511 4084 541 4124 ιι.
561 4071 685 4118 umbilious

82 4130 662 4200 meunmwemsvstvc-pcn.

439 4265 504 4277 ..
613 4198 686 4295 rs,

77 4362 686 4521 nth³=A333sttproinddestffi=

74 4566 242 4635 Abthttditd
260 4525 459 4688 -Δ-Ιιὲε-’ἒ-Ξῑ.
