<?xml version="1.0" encoding="UTF-8"?>
<!DOCTYPE html PUBLIC "-//W3C//DTD XHTML 1.0 Transitional//EN"
    "http://www.w3.org/TR/xhtml1/DTD/xhtml1-transitional.dtd">
<html xmlns="http://www.w3.org/1999/xhtml" xml:lang="en" lang="en">
 <head>
  <title>
</title>
<meta http-equiv="Content-Type" content="text/html;charset=utf-8" />
  <meta name='ocr-system' content='tesseract 3.04.00' />
  <meta name='ocr-capabilities' content='ocr_page ocr_carea ocr_par ocr_line ocrx_word'/>
</head>
<body>
  <div class='ocr_page' id='page_1' title='image "./philosophiaenat00newtgoog_0079.png"; bbox 0 0 3202 5446; ppageno 0'>
   <div class='ocr_carea' id='block_1_1' title="bbox 192 393 1473 488">
    <p class='ocr_par' dir='ltr' id='par_1_1' title="bbox 192 393 1473 488">
     <span class='ocr_line' id='line_1_1' title="bbox 192 393 1473 488; baseline 0.023 -30"><span class='ocrx_word' id='word_1_1' title='bbox 192 393 299 458; x_wconf 77' lang='lat' dir='ltr'><strong>Lenes</strong></span> <span class='ocrx_word' id='word_1_2' title='bbox 317 395 470 476; x_wconf 78' lang='lat' dir='ltr'><strong>Morus]</strong></span> <span class='ocrx_word' id='word_1_3' title='bbox 526 399 768 467; x_wconf 84' lang='lat' dir='ltr'>PRINCIPIA</span> <span class='ocrx_word' id='word_1_4' title='bbox 792 403 1164 477; x_wconf 69' lang='lat' dir='ltr'><strong>MATHEMATICA,</strong></span> <span class='ocrx_word' id='word_1_5' title='bbox 1437 433 1473 488; x_wconf 74' lang='lat' dir='ltr'><strong>sl</strong></span> 
     </span>
    </p>
   </div>
   <div class='ocr_carea' id='block_1_2' title="bbox 150 569 1476 3374">
    <p class='ocr_par' dir='ltr' id='par_1_2' title="bbox 187 569 1476 674">
     <span class='ocr_line' id='line_1_2' title="bbox 187 569 1476 674; baseline 0.023 -41"><span class='ocrx_word' id='word_1_6' title='bbox 187 585 230 634; x_wconf 90' lang='lat' dir='ltr'><strong>ter</strong></span> <span class='ocrx_word' id='word_1_7' title='bbox 243 572 274 634; x_wconf 91' lang='lat' dir='ltr'><strong>in</strong></span> <span class='ocrx_word' id='word_1_8' title='bbox 290 569 457 649; x_wconf 86' lang='lat' dir='ltr'><strong>directum,</strong></span> <span class='ocrx_word' id='word_1_9' title='bbox 473 572 667 660; x_wconf 85' lang='lat' dir='ltr'>proindeque</span> <span class='ocrx_word' id='word_1_10' title='bbox 681 599 815 662; x_wconf 82' lang='lat' dir='ltr'><strong>corpora</strong></span> <span class='ocrx_word' id='word_1_11' title='bbox 828 581 990 666; x_wconf 81' lang='lat' dir='ltr'><strong>aequaliter</strong></span> <span class='ocrx_word' id='word_1_12' title='bbox 1004 586 1161 672; x_wconf 83' lang='lat' dir='ltr'><strong>urgebunt</strong></span> <span class='ocrx_word' id='word_1_13' title='bbox 1169 587 1373 674; x_wconf 76' lang='lat' dir='ltr'><strong>obstaculum,</strong></span> <span class='ocrx_word' id='word_1_14' title='bbox 1386 611 1418 662; x_wconf 91' lang='lat' dir='ltr'><strong>et</strong></span> <span class='ocrx_word' id='word_1_15' title='bbox 1427 594 1476 663; x_wconf 90' lang='lat' dir='ltr'><strong>id-</strong></span> 
     </span>
    </p>

    <p class='ocr_par' dir='ltr' id='par_1_3' title="bbox 176 679 1472 1202">
     <span class='ocr_line' id='line_1_3' title="bbox 186 679 1472 787; baseline 0.017 -47"><span class='ocrx_word' id='word_1_16' title='bbox 186 681 262 742; x_wconf 89' lang='lat' dir='ltr'><strong>circo</strong></span> <span class='ocrx_word' id='word_1_17' title='bbox 276 679 443 765; x_wconf 85' lang='lat' dir='ltr'><strong>aequaliter</strong></span> <span class='ocrx_word' id='word_1_18' title='bbox 458 681 622 745; x_wconf 78' lang='lat' dir='ltr'><strong>trahentur</strong></span> <span class='ocrx_word' id='word_1_19' title='bbox 637 684 669 746; x_wconf 93' lang='lat' dir='ltr'><strong>in</strong></span> <span class='ocrx_word' id='word_1_20' title='bbox 684 685 828 750; x_wconf 88' lang='lat' dir='ltr'><strong>invicem.</strong></span> <span class='ocrx_word' id='word_1_21' title='bbox 852 692 891 773; x_wconf 59' lang='grc' dir='ltr'><strong>(Β)</strong></span> <span class='ocrx_word' id='word_1_22' title='bbox 907 690 940 754; x_wconf 88' lang='lat' dir='ltr'><strong>T</strong></span> <span class='ocrx_word' id='word_1_23' title='bbox 939 693 1041 755; x_wconf 82' lang='lat' dir='ltr'><strong>entevi</strong></span> <span class='ocrx_word' id='word_1_24' title='bbox 1055 693 1117 758; x_wconf 91' lang='lat' dir='ltr'><strong>hoc</strong></span> <span class='ocrx_word' id='word_1_25' title='bbox 1131 696 1165 759; x_wconf 91' lang='lat' dir='ltr'><strong>in</strong></span> <span class='ocrx_word' id='word_1_26' title='bbox 1175 715 1319 787; x_wconf 76' lang='lat' dir='ltr'><strong>magnete</strong></span> <span class='ocrx_word' id='word_1_27' title='bbox 1334 719 1366 768; x_wconf 78' lang='lat' dir='ltr'><strong>et</strong></span> <span class='ocrx_word' id='word_1_28' title='bbox 1379 706 1472 774; x_wconf 75' lang='lat' dir='ltr'><strong>ferro,</strong></span> 
     </span>
     <span class='ocr_line' id='line_1_4' title="bbox 182 790 1472 905; baseline 0.019 -50"><span class='ocrx_word' id='word_1_29' title='bbox 182 791 213 855; x_wconf 86' lang='lat' dir='ltr'><strong>si</strong></span> <span class='ocrx_word' id='word_1_30' title='bbox 225 790 296 854; x_wconf 86' lang='lat' dir='ltr'><strong>haec</strong></span> <span class='ocrx_word' id='word_1_31' title='bbox 311 792 347 854; x_wconf 90' lang='lat' dir='ltr'><strong>in</strong></span> <span class='ocrx_word' id='word_1_32' title='bbox 368 792 503 855; x_wconf 82' lang='lat' dir='ltr'><strong>vasculis</strong></span> <span class='ocrx_word' id='word_1_33' title='bbox 525 794 661 878; x_wconf 90' lang='lat' dir='ltr'><strong>propriis</strong></span> <span class='ocrx_word' id='word_1_34' title='bbox 685 818 753 860; x_wconf 86' lang='lat' dir='ltr'><strong>sese</strong></span> <span class='ocrx_word' id='word_1_35' title='bbox 775 799 1027 885; x_wconf 87' lang='lat' dir='ltr'><strong>contingentibus</strong></span> <span class='ocrx_word' id='word_1_36' title='bbox 1049 805 1179 870; x_wconf 87' lang='lat' dir='ltr'>seorsim</span> <span class='ocrx_word' id='word_1_37' title='bbox 1200 811 1310 894; x_wconf 90' lang='lat' dir='ltr'><strong>posita,</strong></span> <span class='ocrx_word' id='word_1_38' title='bbox 1333 815 1367 878; x_wconf 92' lang='lat' dir='ltr'><strong>in</strong></span> <span class='ocrx_word' id='word_1_39' title='bbox 1392 821 1472 905; x_wconf 67' lang='lat' dir='ltr'><strong>aqui</strong></span> 
     </span>
     <span class='ocr_line' id='line_1_5' title="bbox 179 901 1472 1008; baseline 0.015 -44"><span class='ocrx_word' id='word_1_40' title='bbox 179 914 342 989; x_wconf 71' lang='lat' dir='ltr'><strong>stagnante</strong></span> <span class='ocrx_word' id='word_1_41' title='bbox 352 904 446 987; x_wconf 83' lang='lat' dir='ltr'><strong>juxta</strong></span> <span class='ocrx_word' id='word_1_42' title='bbox 466 903 609 980; x_wconf 81' lang='lat' dir='ltr'><strong>fluitent3</strong></span> <span class='ocrx_word' id='word_1_43' title='bbox 634 901 780 970; x_wconf 75' lang='lat' dir='ltr'><strong>nentrum</strong></span> <span class='ocrx_word' id='word_1_44' title='bbox 803 910 960 994; x_wconf 89' lang='lat' dir='ltr'><strong>propellet</strong></span> <span class='ocrx_word' id='word_1_45' title='bbox 980 912 1124 992; x_wconf 85' lang='lat' dir='ltr'><strong>altemm,</strong></span> <span class='ocrx_word' id='word_1_46' title='bbox 1150 918 1205 982; x_wconf 87' lang='lat' dir='ltr'><strong>sed</strong></span> <span class='ocrx_word' id='word_1_47' title='bbox 1228 923 1403 1008; x_wconf 81' lang='lat' dir='ltr'><strong>oequalitate</strong></span> <span class='ocrx_word' id='word_1_48' title='bbox 1424 944 1472 992; x_wconf 87' lang='lat' dir='ltr'><strong>at.</strong></span> 
     </span>
     <span class='ocr_line' id='line_1_6' title="bbox 176 1002 1472 1123; baseline 0.022 -51"><span class='ocrx_word' id='word_1_49' title='bbox 176 1010 338 1073; x_wconf 71' lang='lat' dir='ltr'><strong>martionis</strong></span> <span class='ocrx_word' id='word_1_50' title='bbox 353 1011 501 1095; x_wconf 90' lang='lat' dir='ltr'><strong>utrinque</strong></span> <span class='ocrx_word' id='word_1_51' title='bbox 516 1012 714 1078; x_wconf 90' lang='lat' dir='ltr'><strong>sustinebunt</strong></span> <span class='ocrx_word' id='word_1_52' title='bbox 728 1002 857 1079; x_wconf 81' lang='lat' dir='ltr'><strong>conatus</strong></span> <span class='ocrx_word' id='word_1_53' title='bbox 871 1018 905 1081; x_wconf 92' lang='lat' dir='ltr'><strong>in</strong></span> <span class='ocrx_word' id='word_1_54' title='bbox 920 1041 953 1082; x_wconf 91' lang='lat' dir='ltr'><strong>se</strong></span> <span class='ocrx_word' id='word_1_55' title='bbox 967 1034 1103 1101; x_wconf 90' lang='lat' dir='ltr'><strong>mutuos,</strong></span> <span class='ocrx_word' id='word_1_56' title='bbox 1119 1047 1157 1088; x_wconf 88' lang='lat' dir='ltr'><strong>ac</strong></span> <span class='ocrx_word' id='word_1_57' title='bbox 1178 1028 1305 1094; x_wconf 80' lang='lat' dir='ltr'><strong>tandem</strong></span> <span class='ocrx_word' id='word_1_58' title='bbox 1327 1033 1360 1097; x_wconf 91' lang='lat' dir='ltr'><strong>in</strong></span> <span class='ocrx_word' id='word_1_59' title='bbox 1375 1039 1472 1123; x_wconf 83' lang='lat' dir='ltr'><strong>requi·</strong></span> 
     </span>
     <span class='ocr_line' id='line_1_7' title="bbox 177 1116 639 1202; baseline 0.009 -23"><span class='ocrx_word' id='word_1_60' title='bbox 177 1116 267 1181; x_wconf 92' lang='lat' dir='ltr'><strong>librio</strong></span> <span class='ocrx_word' id='word_1_61' title='bbox 283 1119 454 1181; x_wconf 82' lang='lat' dir='ltr'><strong>constituta</strong></span> <span class='ocrx_word' id='word_1_62' title='bbox 469 1119 639 1202; x_wconf 85' lang='lat' dir='ltr'><strong>quiescent.</strong></span> 
     </span>
    </p>

    <p class='ocr_par' dir='ltr' id='par_1_4' title="bbox 218 1224 1472 1316">
     <span class='ocr_line' id='line_1_8' title="bbox 218 1224 1472 1316; baseline 0.022 -29"><span class='ocrx_word' id='word_1_63' title='bbox 218 1225 272 1288; x_wconf 84' lang='lat' dir='ltr'><strong>sic</strong></span> <span class='ocrx_word' id='word_1_64' title='bbox 288 1224 384 1287; x_wconf 87' lang='lat' dir='ltr'><strong>etiam</strong></span> <span class='ocrx_word' id='word_1_65' title='bbox 398 1225 534 1311; x_wconf 85' lang='lat' dir='ltr'><strong>gravitas</strong></span> <span class='ocrx_word' id='word_1_66' title='bbox 549 1227 632 1290; x_wconf 92' lang='lat' dir='ltr'><strong>inter</strong></span> <span class='ocrx_word' id='word_1_67' title='bbox 646 1239 761 1291; x_wconf 82' lang='lat' dir='ltr'><strong>terram</strong></span> <span class='ocrx_word' id='word_1_68' title='bbox 777 1242 808 1293; x_wconf 90' lang='lat' dir='ltr'><strong>et</strong></span> <span class='ocrx_word' id='word_1_69' title='bbox 823 1232 888 1315; x_wconf 87' lang='lat' dir='ltr'><strong>ejus</strong></span> <span class='ocrx_word' id='word_1_70' title='bbox 902 1246 1007 1316; x_wconf 85' lang='lat' dir='ltr'><strong>partes</strong></span> <span class='ocrx_word' id='word_1_71' title='bbox 1022 1248 1131 1302; x_wconf 89' lang='lat' dir='ltr'><strong>mutua</strong></span> <span class='ocrx_word' id='word_1_72' title='bbox 1144 1253 1201 1304; x_wconf 73' lang='lat' dir='ltr'><strong>est.</strong></span> <span class='ocrx_word' id='word_1_73' title='bbox 1244 1242 1374 1310; x_wconf 86' lang='lat' dir='ltr'><strong>Seoetur</strong></span> <span class='ocrx_word' id='word_1_74' title='bbox 1388 1263 1472 1315; x_wconf 85' lang='lat' dir='ltr'><strong>terra</strong></span> 
     </span>
    </p>

    <p class='ocr_par' dir='ltr' id='par_1_5' title="bbox 175 1328 1472 1561">
     <span class='ocr_line' id='line_1_9' title="bbox 178 1328 1472 1436; baseline 0.02 -41"><span class='ocrx_word' id='word_1_75' title='bbox 178 1328 347 1417; x_wconf 86' lang='lat' dir='ltr'><strong>Flplano</strong></span> <span class='ocrx_word' id='word_1_76' title='bbox 362 1333 473 1418; x_wconf 90' lang='lat' dir='ltr'><strong>quovis</strong></span> <span class='ocrx_word' id='word_1_77' title='bbox 489 1332 518 1396; x_wconf 93' lang='lat' dir='ltr'><strong>E</strong></span> <span class='ocrx_word' id='word_1_78' title='bbox 535 1334 568 1398; x_wconf 90' lang='lat' dir='ltr'><strong>G</strong></span> <span class='ocrx_word' id='word_1_79' title='bbox 583 1334 616 1396; x_wconf 90' lang='lat' dir='ltr'><strong>in</strong></span> <span class='ocrx_word' id='word_1_80' title='bbox 631 1347 735 1419; x_wconf 90' lang='lat' dir='ltr'><strong>partes</strong></span> <span class='ocrx_word' id='word_1_81' title='bbox 751 1336 828 1401; x_wconf 85' lang='lat' dir='ltr'><strong>duas</strong></span> <span class='ocrx_word' id='word_1_82' title='bbox 845 1338 875 1403; x_wconf 93' lang='lat' dir='ltr'><strong>E</strong></span> <span class='ocrx_word' id='word_1_83' title='bbox 890 1340 924 1404; x_wconf 88' lang='lat' dir='ltr'><strong>G</strong></span> <span class='ocrx_word' id='word_1_84' title='bbox 941 1339 1014 1405; x_wconf 86' lang='lat' dir='ltr'><strong>Fet</strong></span> <span class='ocrx_word' id='word_1_85' title='bbox 1029 1342 1059 1407; x_wconf 92' lang='lat' dir='ltr'><strong>E</strong></span> <span class='ocrx_word' id='word_1_86' title='bbox 1075 1346 1108 1410; x_wconf 94' lang='lat' dir='ltr'><strong>G</strong></span> <span class='ocrx_word' id='word_1_87' title='bbox 1123 1346 1160 1410; x_wconf 87' lang='lat' dir='ltr'><strong>I:</strong></span> <span class='ocrx_word' id='word_1_88' title='bbox 1185 1361 1216 1411; x_wconf 89' lang='lat' dir='ltr'><strong>et</strong></span> <span class='ocrx_word' id='word_1_89' title='bbox 1230 1351 1362 1436; x_wconf 82' lang='lat' dir='ltr'><strong>aequalin</strong></span> <span class='ocrx_word' id='word_1_90' title='bbox 1378 1372 1472 1421; x_wconf 86' lang='lat' dir='ltr'><strong>emnt</strong></span> 
     </span>
     <span class='ocr_line' id='line_1_10' title="bbox 175 1441 1057 1561; baseline 0.01 -56"><span class='ocrx_word' id='word_1_91' title='bbox 175 1441 287 1505; x_wconf 78' lang='lat' dir='ltr'><strong>harum</strong></span> <span class='ocrx_word' id='word_1_92' title='bbox 300 1444 447 1529; x_wconf 88' lang='lat' dir='ltr'><strong>pondera</strong></span> <span class='ocrx_word' id='word_1_93' title='bbox 460 1445 494 1506; x_wconf 92' lang='lat' dir='ltr'><strong>in</strong></span> <span class='ocrx_word' id='word_1_94' title='bbox 505 1467 539 1507; x_wconf 90' lang='lat' dir='ltr'><strong>se</strong></span> <span class='ocrx_word' id='word_1_95' title='bbox 549 1458 669 1509; x_wconf 90' lang='lat' dir='ltr'><strong>mutuo.</strong></span> <span class='ocrx_word' id='word_1_96' title='bbox 707 1446 791 1512; x_wconf 90' lang='lat' dir='ltr'><strong>Nam</strong></span> <span class='ocrx_word' id='word_1_97' title='bbox 804 1449 829 1511; x_wconf 92' lang='lat' dir='ltr'><strong>si</strong></span> <span class='ocrx_word' id='word_1_98' title='bbox 840 1449 909 1533; x_wconf 86' lang='lat' dir='ltr'><strong>pla-</strong></span> <span class='ocrx_word' id='word_1_99' title='bbox 1026 1487 1057 1561; x_wconf 71' lang='grc' dir='ltr'>Ε</span> 
     </span>
    </p>

    <p class='ocr_par' dir='ltr' id='par_1_6' title="bbox 176 1551 907 1639">
     <span class='ocr_line' id='line_1_11' title="bbox 176 1551 907 1639; baseline 0.014 -27"><span class='ocrx_word' id='word_1_100' title='bbox 176 1572 216 1613; x_wconf 92' lang='lat' dir='ltr'><strong>no</strong></span> <span class='ocrx_word' id='word_1_101' title='bbox 231 1551 295 1613; x_wconf 88' lang='lat' dir='ltr'><strong>alio</strong></span> <span class='ocrx_word' id='word_1_102' title='bbox 312 1551 349 1616; x_wconf 94' lang='lat' dir='ltr'><strong>H</strong></span> <span class='ocrx_word' id='word_1_103' title='bbox 366 1551 399 1615; x_wconf 91' lang='lat' dir='ltr'><strong>K</strong></span> <span class='ocrx_word' id='word_1_104' title='bbox 415 1552 500 1637; x_wconf 93' lang='lat' dir='ltr'><strong>quod</strong></span> <span class='ocrx_word' id='word_1_105' title='bbox 515 1554 612 1636; x_wconf 89' lang='lat' dir='ltr'><strong>priori</strong></span> <span class='ocrx_word' id='word_1_106' title='bbox 628 1552 657 1616; x_wconf 92' lang='lat' dir='ltr'><strong>E</strong></span> <span class='ocrx_word' id='word_1_107' title='bbox 673 1552 705 1619; x_wconf 92' lang='lat' dir='ltr'><strong>G</strong></span> <span class='ocrx_word' id='word_1_108' title='bbox 722 1557 907 1639; x_wconf 79' lang='lat' dir='ltr'><strong>parallelum</strong></span> 
     </span>
    </p>

    <p class='ocr_par' dir='ltr' id='par_1_7' title="bbox 176 1660 906 1751">
     <span class='ocr_line' id='line_1_12' title="bbox 176 1660 906 1751; baseline 0.012 -29"><span class='ocrx_word' id='word_1_109' title='bbox 176 1660 225 1736; x_wconf 88' lang='lat' dir='ltr'><strong>sit,</strong></span> <span class='ocrx_word' id='word_1_110' title='bbox 242 1682 316 1743; x_wconf 86' lang='lat' dir='ltr'><strong>pars</strong></span> <span class='ocrx_word' id='word_1_111' title='bbox 337 1662 436 1745; x_wconf 88' lang='lat' dir='ltr'><strong>major</strong></span> <span class='ocrx_word' id='word_1_112' title='bbox 460 1660 489 1724; x_wconf 92' lang='lat' dir='ltr'><strong>E</strong></span> <span class='ocrx_word' id='word_1_113' title='bbox 505 1662 539 1726; x_wconf 94' lang='lat' dir='ltr'><strong>G</strong></span> <span class='ocrx_word' id='word_1_114' title='bbox 554 1662 571 1726; x_wconf 96' lang='lat' dir='ltr'>I</span> <span class='ocrx_word' id='word_1_115' title='bbox 597 1677 719 1727; x_wconf 91' lang='lat' dir='ltr'><strong>secetur</strong></span> <span class='ocrx_word' id='word_1_116' title='bbox 743 1665 777 1727; x_wconf 91' lang='lat' dir='ltr'><strong>in</strong></span> <span class='ocrx_word' id='word_1_117' title='bbox 803 1663 906 1751; x_wconf 75' lang='lat' dir='ltr'><strong>partes</strong></span> 
     </span>
    </p>

    <p class='ocr_par' dir='ltr' id='par_1_8' title="bbox 177 1765 906 1857">
     <span class='ocr_line' id='line_1_13' title="bbox 177 1765 906 1857; baseline 0.018 -30"><span class='ocrx_word' id='word_1_118' title='bbox 177 1765 632 1848; x_wconf 87' lang='lat' dir='ltr'><strong>duasEGKHetHKI,</strong></span> <span class='ocrx_word' id='word_1_119' title='bbox 649 1774 906 1857; x_wconf 91' lang='lat' dir='ltr'><strong>quarumHKI</strong></span> 
     </span>
    </p>

    <p class='ocr_par' dir='ltr' id='par_1_9' title="bbox 176 1865 966 1962">
     <span class='ocr_line' id='line_1_14' title="bbox 176 1865 966 1962; baseline 0.015 -27"><span class='ocrx_word' id='word_1_120' title='bbox 176 1874 308 1959; x_wconf 66' lang='lat' dir='ltr'><strong>{equalis</strong></span> <span class='ocrx_word' id='word_1_121' title='bbox 331 1876 368 1939; x_wconf 89' lang='lat' dir='ltr'><strong>sit</strong></span> <span class='ocrx_word' id='word_1_122' title='bbox 388 1877 467 1961; x_wconf 89' lang='lat' dir='ltr'><strong>parti</strong></span> <span class='ocrx_word' id='word_1_123' title='bbox 488 1865 580 1962; x_wconf 34' lang='lat' dir='ltr'><strong>prius*</strong></span> <span class='ocrx_word' id='word_1_124' title='bbox 596 1879 740 1944; x_wconf 83' lang='lat' dir='ltr'><strong>abscissae</strong></span> <span class='ocrx_word' id='word_1_125' title='bbox 763 1882 791 1946; x_wconf 91' lang='lat' dir='ltr'><strong>E</strong></span> <span class='ocrx_word' id='word_1_126' title='bbox 809 1882 903 1948; x_wconf 89' lang='lat' dir='ltr'><strong>FG:</strong></span> <span class='ocrx_word' id='word_1_127' title='bbox 937 1892 966 1962; x_wconf 73' lang='lat' dir='ltr'><strong>F</strong></span> 
     </span>
    </p>

    <p class='ocr_par' dir='ltr' id='par_1_10' title="bbox 174 1981 904 2069">
     <span class='ocr_line' id='line_1_15' title="bbox 174 1981 904 2069; baseline 0.012 -24"><span class='ocrx_word' id='word_1_128' title='bbox 174 1981 373 2045; x_wconf 85' lang='lat' dir='ltr'><strong>manifestum</strong></span> <span class='ocrx_word' id='word_1_129' title='bbox 384 1984 524 2069; x_wconf 87' lang='lat' dir='ltr'><strong>estquod</strong></span> <span class='ocrx_word' id='word_1_130' title='bbox 535 2008 607 2069; x_wconf 89' lang='lat' dir='ltr'><strong>pars</strong></span> <span class='ocrx_word' id='word_1_131' title='bbox 618 1986 722 2050; x_wconf 86' lang='lat' dir='ltr'><strong>medio</strong></span> <span class='ocrx_word' id='word_1_132' title='bbox 733 1986 762 2050; x_wconf 90' lang='lat' dir='ltr'><strong>E</strong></span> <span class='ocrx_word' id='word_1_133' title='bbox 775 1987 806 2051; x_wconf 92' lang='lat' dir='ltr'><strong>G</strong></span> <span class='ocrx_word' id='word_1_134' title='bbox 820 1989 852 2052; x_wconf 90' lang='lat' dir='ltr'><strong>K</strong></span> <span class='ocrx_word' id='word_1_135' title='bbox 867 1991 904 2055; x_wconf 93' lang='lat' dir='ltr'><strong>H</strong></span> 
     </span>
    </p>

    <p class='ocr_par' dir='ltr' id='par_1_11' title="bbox 172 2092 902 2182">
     <span class='ocr_line' id='line_1_16' title="bbox 172 2092 902 2182; baseline 0.01 -27"><span class='ocrx_word' id='word_1_136' title='bbox 172 2092 315 2178; x_wconf 90' lang='lat' dir='ltr'><strong>pondere</strong></span> <span class='ocrx_word' id='word_1_137' title='bbox 329 2095 458 2178; x_wconf 90' lang='lat' dir='ltr'><strong>proprio</strong></span> <span class='ocrx_word' id='word_1_138' title='bbox 472 2095 506 2157; x_wconf 92' lang='lat' dir='ltr'><strong>in</strong></span> <span class='ocrx_word' id='word_1_139' title='bbox 526 2111 668 2160; x_wconf 84' lang='lat' dir='ltr'><strong>neutram</strong></span> <span class='ocrx_word' id='word_1_140' title='bbox 689 2097 825 2182; x_wconf 89' lang='lat' dir='ltr'><strong>partium</strong></span> <span class='ocrx_word' id='word_1_141' title='bbox 847 2121 902 2162; x_wconf 90' lang='lat' dir='ltr'><strong>ex·</strong></span> 
     </span>
    </p>

    <p class='ocr_par' dir='ltr' id='par_1_12' title="bbox 170 2201 901 2291">
     <span class='ocr_line' id='line_1_17' title="bbox 170 2201 901 2291; baseline 0.007 -28"><span class='ocrx_word' id='word_1_142' title='bbox 170 2215 341 2264; x_wconf 88' lang='lat' dir='ltr'><strong>tremarum</strong></span> <span class='ocrx_word' id='word_1_143' title='bbox 352 2201 570 2284; x_wconf 81' lang='lat' dir='ltr'><strong>propendebit,</strong></span> <span class='ocrx_word' id='word_1_144' title='bbox 582 2202 637 2265; x_wconf 89' lang='lat' dir='ltr'><strong>sed</strong></span> <span class='ocrx_word' id='word_1_145' title='bbox 647 2203 728 2266; x_wconf 90' lang='lat' dir='ltr'><strong>inter</strong></span> <span class='ocrx_word' id='word_1_146' title='bbox 739 2217 901 2291; x_wconf 89' lang='lat' dir='ltr'><strong>utramque</strong></span> 
     </span>
    </p>

    <p class='ocr_par' dir='ltr' id='par_1_13' title="bbox 150 2304 1464 3266">
     <span class='ocr_line' id='line_1_18' title="bbox 158 2304 899 2391; baseline 0.007 -24"><span class='ocrx_word' id='word_1_147' title='bbox 158 2305 199 2367; x_wconf 88' lang='lat' dir='ltr'><strong>in</strong></span> <span class='ocrx_word' id='word_1_148' title='bbox 214 2304 404 2390; x_wconf 82' lang='lat' dir='ltr'><strong>aequilibrio,</strong></span> <span class='ocrx_word' id='word_1_149' title='bbox 422 2318 457 2367; x_wconf 93' lang='lat' dir='ltr'><strong>ut</strong></span> <span class='ocrx_word' id='word_1_150' title='bbox 479 2306 522 2368; x_wconf 87' lang='lat' dir='ltr'><strong>ita</strong></span> <span class='ocrx_word' id='word_1_151' title='bbox 543 2305 654 2383; x_wconf 86' lang='lat' dir='ltr'><strong>dicam,</strong></span> <span class='ocrx_word' id='word_1_152' title='bbox 682 2308 899 2391; x_wconf 87' lang='lat' dir='ltr'><strong>suspendetur,</strong></span> 
     </span>
     <span class='ocr_line' id='line_1_19' title="bbox 152 2412 1462 2503; baseline 0.005 -27"><span class='ocrx_word' id='word_1_153' title='bbox 152 2426 195 2476; x_wconf 80' lang='lat' dir='ltr'><strong>et</strong></span> <span class='ocrx_word' id='word_1_154' title='bbox 209 2412 362 2497; x_wconf 77' lang='lat' dir='ltr'><strong>quiescet.</strong></span> <span class='ocrx_word' id='word_1_155' title='bbox 411 2412 490 2476; x_wconf 89' lang='lat' dir='ltr'><strong>Pars</strong></span> <span class='ocrx_word' id='word_1_156' title='bbox 501 2425 605 2476; x_wconf 82' lang='lat' dir='ltr'><strong>autem</strong></span> <span class='ocrx_word' id='word_1_157' title='bbox 622 2427 762 2477; x_wconf 86' lang='lat' dir='ltr'><strong>extrema</strong></span> <span class='ocrx_word' id='word_1_158' title='bbox 778 2414 814 2478; x_wconf 93' lang='lat' dir='ltr'><strong>H</strong></span> <span class='ocrx_word' id='word_1_159' title='bbox 832 2415 863 2479; x_wconf 94' lang='lat' dir='ltr'><strong>K</strong></span> <span class='ocrx_word' id='word_1_160' title='bbox 880 2415 897 2480; x_wconf 96' lang='lat' dir='ltr'>I</span> <span class='ocrx_word' id='word_1_161' title='bbox 919 2427 986 2480; x_wconf 92' lang='lat' dir='ltr'><strong>toto</strong></span> <span class='ocrx_word' id='word_1_162' title='bbox 1008 2439 1065 2480; x_wconf 88' lang='lat' dir='ltr'><strong>suo</strong></span> <span class='ocrx_word' id='word_1_163' title='bbox 1088 2417 1227 2503; x_wconf 91' lang='lat' dir='ltr'><strong>pondere</strong></span> <span class='ocrx_word' id='word_1_164' title='bbox 1251 2419 1410 2484; x_wconf 86' lang='lat' dir='ltr'><strong>incumbet</strong></span> <span class='ocrx_word' id='word_1_165' title='bbox 1431 2419 1462 2482; x_wconf 92' lang='lat' dir='ltr'><strong>in</strong></span> 
     </span>
     <span class='ocr_line' id='line_1_20' title="bbox 150 2524 1463 2611; baseline 0.004 -25"><span class='ocrx_word' id='word_1_166' title='bbox 150 2538 286 2609; x_wconf 78' lang='lat' dir='ltr'><strong>partem</strong></span> <span class='ocrx_word' id='word_1_167' title='bbox 302 2524 452 2600; x_wconf 87' lang='lat' dir='ltr'><strong>mediam,</strong></span> <span class='ocrx_word' id='word_1_168' title='bbox 470 2536 502 2587; x_wconf 91' lang='lat' dir='ltr'><strong>et</strong></span> <span class='ocrx_word' id='word_1_169' title='bbox 516 2525 641 2611; x_wconf 87' lang='lat' dir='ltr'><strong>urgebit</strong></span> <span class='ocrx_word' id='word_1_170' title='bbox 663 2525 748 2587; x_wconf 88' lang='lat' dir='ltr'><strong>illam</strong></span> <span class='ocrx_word' id='word_1_171' title='bbox 770 2527 803 2587; x_wconf 90' lang='lat' dir='ltr'><strong>in</strong></span> <span class='ocrx_word' id='word_1_172' title='bbox 825 2539 947 2610; x_wconf 85' lang='lat' dir='ltr'><strong>partem</strong></span> <span class='ocrx_word' id='word_1_173' title='bbox 968 2527 1099 2590; x_wconf 86' lang='lat' dir='ltr'><strong>alteram</strong></span> <span class='ocrx_word' id='word_1_174' title='bbox 1124 2545 1297 2592; x_wconf 85' lang='lat' dir='ltr'><strong>extremam</strong></span> <span class='ocrx_word' id='word_1_175' title='bbox 1321 2526 1351 2592; x_wconf 94' lang='lat' dir='ltr'><strong>E</strong></span> <span class='ocrx_word' id='word_1_176' title='bbox 1367 2528 1401 2593; x_wconf 91' lang='lat' dir='ltr'><strong>G</strong></span> <span class='ocrx_word' id='word_1_177' title='bbox 1416 2527 1463 2605; x_wconf 66' lang='lat'><strong>1²3</strong></span> 
     </span>
     <span class='ocr_line' id='line_1_21' title="bbox 151 2633 1463 2720; baseline 0.004 -23"><span class='ocrx_word' id='word_1_178' title='bbox 151 2636 301 2720; x_wconf 89' lang='lat' dir='ltr'><strong>ideoque</strong></span> <span class='ocrx_word' id='word_1_179' title='bbox 316 2635 363 2696; x_wconf 86' lang='lat' dir='ltr'><strong>ris</strong></span> <span class='ocrx_word' id='word_1_180' title='bbox 379 2633 442 2719; x_wconf 72' lang='lat' dir='ltr'><strong>qui</strong></span> <span class='ocrx_word' id='word_1_181' title='bbox 457 2634 593 2716; x_wconf 87' lang='lat' dir='ltr'><strong>partium</strong></span> <span class='ocrx_word' id='word_1_182' title='bbox 611 2634 648 2698; x_wconf 93' lang='lat' dir='ltr'><strong>H</strong></span> <span class='ocrx_word' id='word_1_183' title='bbox 665 2634 697 2698; x_wconf 91' lang='lat' dir='ltr'>K</span> <span class='ocrx_word' id='word_1_184' title='bbox 713 2634 730 2698; x_wconf 97' lang='lat' dir='ltr'>I</span> <span class='ocrx_word' id='word_1_185' title='bbox 746 2647 777 2698; x_wconf 92' lang='lat' dir='ltr'><strong>et</strong></span> <span class='ocrx_word' id='word_1_186' title='bbox 794 2635 868 2701; x_wconf 94' lang='lat' dir='ltr'><strong>EG</strong></span> <span class='ocrx_word' id='word_1_187' title='bbox 881 2635 914 2699; x_wconf 93' lang='lat' dir='ltr'><strong>K</strong></span> <span class='ocrx_word' id='word_1_188' title='bbox 927 2636 963 2700; x_wconf 94' lang='lat' dir='ltr'><strong>H</strong></span> <span class='ocrx_word' id='word_1_189' title='bbox 978 2659 1101 2701; x_wconf 86' lang='lat' dir='ltr'><strong>summa</strong></span> <span class='ocrx_word' id='word_1_190' title='bbox 1116 2636 1146 2702; x_wconf 90' lang='lat' dir='ltr'><strong>E</strong></span> <span class='ocrx_word' id='word_1_191' title='bbox 1161 2638 1194 2702; x_wconf 94' lang='lat' dir='ltr'><strong>G</strong></span> <span class='ocrx_word' id='word_1_192' title='bbox 1209 2637 1226 2701; x_wconf 96' lang='lat' dir='ltr'>I</span> <span class='ocrx_word' id='word_1_193' title='bbox 1241 2636 1342 2702; x_wconf 88' lang='lat' dir='ltr'><strong>tendit</strong></span> <span class='ocrx_word' id='word_1_194' title='bbox 1356 2660 1463 2702; x_wconf 88' lang='lat' dir='ltr'><strong>versus</strong></span> 
     </span>
     <span class='ocr_line' id='line_1_22' title="bbox 155 2743 1464 2831; baseline 0.002 -23"><span class='ocrx_word' id='word_1_195' title='bbox 155 2760 286 2830; x_wconf 86' lang='lat' dir='ltr'><strong>partem</strong></span> <span class='ocrx_word' id='word_1_196' title='bbox 303 2745 429 2809; x_wconf 85' lang='lat' dir='ltr'><strong>tertiam</strong></span> <span class='ocrx_word' id='word_1_197' title='bbox 447 2743 476 2808; x_wconf 90' lang='lat' dir='ltr'><strong>E</strong></span> <span class='ocrx_word' id='word_1_198' title='bbox 492 2743 523 2807; x_wconf 92' lang='lat' dir='ltr'><strong>G</strong></span> <span class='ocrx_word' id='word_1_199' title='bbox 542 2744 578 2820; x_wconf 87' lang='lat' dir='ltr'><strong>F,</strong></span> <span class='ocrx_word' id='word_1_200' title='bbox 595 2745 724 2829; x_wconf 85' lang='lat' dir='ltr'><strong>aequalis</strong></span> <span class='ocrx_word' id='word_1_201' title='bbox 741 2759 787 2808; x_wconf 91' lang='lat' dir='ltr'><strong>est</strong></span> <span class='ocrx_word' id='word_1_202' title='bbox 802 2745 935 2828; x_wconf 91' lang='lat' dir='ltr'><strong>ponderi</strong></span> <span class='ocrx_word' id='word_1_203' title='bbox 949 2747 1046 2830; x_wconf 89' lang='lat' dir='ltr'><strong>partis</strong></span> <span class='ocrx_word' id='word_1_204' title='bbox 1063 2746 1099 2810; x_wconf 93' lang='lat' dir='ltr'><strong>H</strong></span> <span class='ocrx_word' id='word_1_205' title='bbox 1117 2745 1149 2810; x_wconf 94' lang='lat' dir='ltr'><strong>K</strong></span> <span class='ocrx_word' id='word_1_206' title='bbox 1165 2748 1191 2823; x_wconf 91' lang='grc' dir='ltr'><strong>Ι,</strong></span> <span class='ocrx_word' id='word_1_207' title='bbox 1215 2746 1248 2809; x_wconf 91' lang='lat' dir='ltr'><strong>id</strong></span> <span class='ocrx_word' id='word_1_208' title='bbox 1270 2760 1317 2810; x_wconf 92' lang='lat' dir='ltr'><strong>est</strong></span> <span class='ocrx_word' id='word_1_209' title='bbox 1330 2746 1464 2831; x_wconf 89' lang='lat' dir='ltr'><strong>ponderi</strong></span> 
     </span>
     <span class='ocr_line' id='line_1_23' title="bbox 153 2852 1463 2938; baseline 0.005 -23"><span class='ocrx_word' id='word_1_210' title='bbox 153 2855 260 2938; x_wconf 80' lang='lat' dir='ltr'><strong>partis</strong></span> <span class='ocrx_word' id='word_1_211' title='bbox 276 2854 381 2917; x_wconf 86' lang='lat' dir='ltr'><strong>tertiae</strong></span> <span class='ocrx_word' id='word_1_212' title='bbox 394 2852 424 2916; x_wconf 91' lang='lat' dir='ltr'><strong>E</strong></span> <span class='ocrx_word' id='word_1_213' title='bbox 436 2852 467 2916; x_wconf 94' lang='lat' dir='ltr'><strong>G</strong></span> <span class='ocrx_word' id='word_1_214' title='bbox 480 2852 516 2915; x_wconf 89' lang='lat' dir='ltr'><strong>F.</strong></span> <span class='ocrx_word' id='word_1_215' title='bbox 549 2852 592 2915; x_wconf 89' lang='lat' dir='ltr'><strong>Et</strong></span> <span class='ocrx_word' id='word_1_216' title='bbox 603 2865 769 2937; x_wconf 90' lang='lat' dir='ltr'><strong>propterea</strong></span> <span class='ocrx_word' id='word_1_217' title='bbox 780 2853 921 2937; x_wconf 84' lang='lat' dir='ltr'><strong>pondere</strong></span> <span class='ocrx_word' id='word_1_218' title='bbox 931 2856 1067 2938; x_wconf 88' lang='lat' dir='ltr'><strong>partium</strong></span> <span class='ocrx_word' id='word_1_219' title='bbox 1078 2853 1211 2918; x_wconf 85' lang='lat' dir='ltr'><strong>duarum</strong></span> <span class='ocrx_word' id='word_1_220' title='bbox 1224 2855 1297 2921; x_wconf 90' lang='lat' dir='ltr'><strong>EG</strong></span> <span class='ocrx_word' id='word_1_221' title='bbox 1307 2856 1334 2933; x_wconf 93' lang='grc' dir='ltr'><strong>Ι,</strong></span> <span class='ocrx_word' id='word_1_222' title='bbox 1348 2856 1423 2922; x_wconf 89' lang='lat' dir='ltr'><strong>EG</strong></span> <span class='ocrx_word' id='word_1_223' title='bbox 1435 2857 1463 2922; x_wconf 86' lang='lat' dir='ltr'>F</span> 
     </span>
     <span class='ocr_line' id='line_1_24' title="bbox 164 2948 1463 3050; baseline 0.004 -26"><span class='ocrx_word' id='word_1_224' title='bbox 164 2964 196 3025; x_wconf 91' lang='lat' dir='ltr'><strong>in</strong></span> <span class='ocrx_word' id='word_1_225' title='bbox 211 2986 245 3026; x_wconf 93' lang='lat' dir='ltr'><strong>se</strong></span> <span class='ocrx_word' id='word_1_226' title='bbox 261 2975 375 3025; x_wconf 92' lang='lat' dir='ltr'><strong>mutuo</strong></span> <span class='ocrx_word' id='word_1_227' title='bbox 390 2973 462 3023; x_wconf 89' lang='lat' dir='ltr'><strong>sunt</strong></span> <span class='ocrx_word' id='word_1_228' title='bbox 476 2959 619 3044; x_wconf 85' lang='lat' dir='ltr'><strong>aequalia,</strong></span> <span class='ocrx_word' id='word_1_229' title='bbox 635 2961 681 3023; x_wconf 91' lang='lat' dir='ltr'><strong>uti</strong></span> <span class='ocrx_word' id='word_1_230' title='bbox 696 2960 781 3024; x_wconf 90' lang='lat' dir='ltr'><strong>volui</strong></span> <span class='ocrx_word' id='word_1_231' title='bbox 796 2960 970 3025; x_wconf 86' lang='lat' dir='ltr'><strong>ostendere.</strong></span> <span class='ocrx_word' id='word_1_232' title='bbox 1008 2948 1057 3026; x_wconf 40' lang='lat' dir='ltr'><strong>Et·</strong></span> <span class='ocrx_word' id='word_1_233' title='bbox 1064 2963 1124 3025; x_wconf 92' lang='lat' dir='ltr'><strong>nisi</strong></span> <span class='ocrx_word' id='word_1_234' title='bbox 1134 2961 1276 3047; x_wconf 88' lang='lat' dir='ltr'><strong>pondera</strong></span> <span class='ocrx_word' id='word_1_235' title='bbox 1290 2963 1344 3026; x_wconf 88' lang='lat' dir='ltr'><strong>illa</strong></span> <span class='ocrx_word' id='word_1_236' title='bbox 1357 2985 1463 3050; x_wconf 84' lang='lat' dir='ltr'><strong>aequa-</strong></span> 
     </span>
     <span class='ocr_line' id='line_1_25' title="bbox 166 3065 1463 3153; baseline 0.002 -21"><span class='ocrx_word' id='word_1_237' title='bbox 166 3069 209 3132; x_wconf 84' lang='lat' dir='ltr'><strong>iia</strong></span> <span class='ocrx_word' id='word_1_238' title='bbox 221 3081 335 3145; x_wconf 85' lang='lat' dir='ltr'><strong>essent,</strong></span> <span class='ocrx_word' id='word_1_239' title='bbox 352 3081 437 3130; x_wconf 85' lang='lat' dir='ltr'><strong>terra</strong></span> <span class='ocrx_word' id='word_1_240' title='bbox 452 3078 517 3129; x_wconf 83' lang='lat' dir='ltr'><strong>tota</strong></span> <span class='ocrx_word' id='word_1_241' title='bbox 532 3066 565 3127; x_wconf 92' lang='lat' dir='ltr'><strong>in</strong></span> <span class='ocrx_word' id='word_1_242' title='bbox 587 3065 687 3129; x_wconf 90' lang='lat' dir='ltr'><strong>libero</strong></span> <span class='ocrx_word' id='word_1_243' title='bbox 709 3065 827 3131; x_wconf 85' lang='lat' dir='ltr'><strong>aethere</strong></span> <span class='ocrx_word' id='word_1_244' title='bbox 848 3067 973 3131; x_wconf 85' lang='lat' dir='ltr'><strong>fluitans</strong></span> <span class='ocrx_word' id='word_1_245' title='bbox 994 3067 1127 3152; x_wconf 89' lang='lat' dir='ltr'><strong>ponderi</strong></span> <span class='ocrx_word' id='word_1_246' title='bbox 1148 3070 1259 3153; x_wconf 85' lang='lat' dir='ltr'><strong>majori</strong></span> <span class='ocrx_word' id='word_1_247' title='bbox 1280 3069 1415 3148; x_wconf 83' lang='lat' dir='ltr'><strong>cederet,</strong></span> <span class='ocrx_word' id='word_1_248' title='bbox 1431 3084 1463 3135; x_wconf 93' lang='lat' dir='ltr'><strong>et</strong></span> 
     </span>
     <span class='ocr_line' id='line_1_26' title="bbox 177 3175 769 3266; baseline -0.005 -24"><span class='ocrx_word' id='word_1_249' title='bbox 177 3179 210 3242; x_wconf 81' lang='lat' dir='ltr'><strong>ab</strong></span> <span class='ocrx_word' id='word_1_250' title='bbox 223 3202 259 3243; x_wconf 89' lang='lat' dir='ltr'><strong>eo</strong></span> <span class='ocrx_word' id='word_1_251' title='bbox 271 3177 426 3266; x_wconf 86' lang='lat' dir='ltr'><strong>fugiendo</strong></span> <span class='ocrx_word' id='word_1_252' title='bbox 441 3176 541 3241; x_wconf 87' lang='lat' dir='ltr'><strong>abiret</strong></span> <span class='ocrx_word' id='word_1_253' title='bbox 554 3177 588 3238; x_wconf 92' lang='lat' dir='ltr'><strong>in</strong></span> <span class='ocrx_word' id='word_1_254' title='bbox 603 3175 769 3239; x_wconf 90' lang='lat' dir='ltr'><strong>infinitum.</strong></span> 
     </span>
    </p>

    <p class='ocr_par' dir='ltr' id='par_1_14' title="bbox 214 3286 1462 3374">
     <span class='ocr_line' id='line_1_27' title="bbox 214 3286 1462 3374; baseline -0.001 -20"><span class='ocrx_word' id='word_1_255' title='bbox 214 3289 258 3354; x_wconf 94' lang='lat' dir='ltr'><strong>Ut</strong></span> <span class='ocrx_word' id='word_1_256' title='bbox 271 3311 408 3374; x_wconf 90' lang='lat' dir='ltr'><strong>corpora</strong></span> <span class='ocrx_word' id='word_1_257' title='bbox 423 3289 455 3350; x_wconf 95' lang='lat' dir='ltr'><strong>in</strong></span> <span class='ocrx_word' id='word_1_258' title='bbox 471 3309 625 3351; x_wconf 88' lang='lat' dir='ltr'><strong>concursu</strong></span> <span class='ocrx_word' id='word_1_259' title='bbox 648 3300 679 3350; x_wconf 89' lang='lat' dir='ltr'><strong>et</strong></span> <span class='ocrx_word' id='word_1_260' title='bbox 702 3286 873 3350; x_wconf 88' lang='lat' dir='ltr'><strong>reflexione</strong></span> <span class='ocrx_word' id='word_1_261' title='bbox 896 3287 978 3350; x_wconf 93' lang='lat' dir='ltr'><strong>idem</strong></span> <span class='ocrx_word' id='word_1_262' title='bbox 1002 3287 1135 3371; x_wconf 84' lang='lat' dir='ltr'><strong>pollent,</strong></span> <span class='ocrx_word' id='word_1_263' title='bbox 1161 3311 1293 3374; x_wconf 92' lang='lat' dir='ltr'><strong>quorum</strong></span> <span class='ocrx_word' id='word_1_264' title='bbox 1316 3289 1462 3353; x_wconf 85' lang='lat' dir='ltr'><strong>velocita-</strong></span> 
     </span>
    </p>
   </div>
   <div class='ocr_carea' id='block_1_3' title="bbox 110 3480 1462 4764">
    <p class='ocr_par' dir='ltr' id='par_1_15' title="bbox 111 3480 1462 4253">
     <span class='ocr_line' id='line_1_28' title="bbox 111 3480 1461 3543; baseline 0.004 -13"><span class='ocrx_word' id='word_1_265' title='bbox 111 3484 114 3491; x_wconf 88' lang='lat'>&#39;</span> <span class='ocrx_word' id='word_1_266' title='bbox 183 3483 293 3530; x_wconf 65' lang='lat' dir='ltr'><strong>&#39;claritatis</strong></span> <span class='ocrx_word' id='word_1_267' title='bbox 303 3481 438 3543; x_wconf 71' lang='lat' dir='ltr'><strong>respectiva</strong></span> <span class='ocrx_word' id='word_1_268' title='bbox 449 3481 554 3529; x_wconf 79' lang='lat' dir='ltr'><strong>defectus</strong></span> <span class='ocrx_word' id='word_1_269' title='bbox 564 3489 613 3527; x_wconf 75' lang='lat' dir='ltr'><strong>eret</strong></span> <span class='ocrx_word' id='word_1_270' title='bbox 630 3480 741 3540; x_wconf 79' lang='lat' dir='ltr'><strong>inprime</strong></span> <span class='ocrx_word' id='word_1_271' title='bbox 750 3480 800 3540; x_wconf 78' lang='lat' dir='ltr'><strong>pori</strong></span> <span class='ocrx_word' id='word_1_272' title='bbox 832 3491 910 3527; x_wconf 87' lang='lat' dir='ltr'><strong>eretur</strong></span> <span class='ocrx_word' id='word_1_273' title='bbox 919 3491 1023 3542; x_wconf 85' lang='lat' dir='ltr'><strong>tempore</strong></span> <span class='ocrx_word' id='word_1_274' title='bbox 1034 3489 1065 3540; x_wconf 74' lang='lat'><strong>23</strong></span> <span class='ocrx_word' id='word_1_275' title='bbox 1082 3483 1177 3530; x_wconf 76' lang='lat' dir='ltr'><strong>tandem</strong></span> <span class='ocrx_word' id='word_1_276' title='bbox 1193 3493 1221 3530; x_wconf 93' lang='lat' dir='ltr'><strong>ut</strong></span> <span class='ocrx_word' id='word_1_277' title='bbox 1237 3490 1275 3538; x_wconf 77' lang='lat' dir='ltr'><strong>Sl,</strong></span> <span class='ocrx_word' id='word_1_278' title='bbox 1293 3484 1322 3532; x_wconf 81' lang='lat' dir='ltr'><strong>ad</strong></span> <span class='ocrx_word' id='word_1_279' title='bbox 1333 3491 1372 3542; x_wconf 75' lang='lat'><strong>30,</strong></span> <span class='ocrx_word' id='word_1_280' title='bbox 1389 3485 1415 3532; x_wconf 88' lang='lat' dir='ltr'><strong>in</strong></span> <span class='ocrx_word' id='word_1_281' title='bbox 1427 3485 1461 3535; x_wconf 51' lang='grc' dir='ltr'><strong>δὲ</strong></span> 
     </span>
     <span class='ocr_line' id='line_1_29' title="bbox 185 3543 1460 3611; baseline 0.006 -21"><span class='ocrx_word' id='word_1_282' title='bbox 185 3550 205 3593; x_wconf 89' lang='lat' dir='ltr'><strong>l:</strong></span> <span class='ocrx_word' id='word_1_283' title='bbox 222 3553 254 3595; x_wconf 82' lang='lat'><strong>11.</strong></span> <span class='ocrx_word' id='word_1_284' title='bbox 272 3549 298 3594; x_wconf 89' lang='lat' dir='ltr'><strong>in</strong></span> <span class='ocrx_word' id='word_1_285' title='bbox 310 3547 348 3594; x_wconf 76' lang='lat'><strong>20.</strong></span> <span class='ocrx_word' id='word_1_286' title='bbox 368 3547 418 3607; x_wconf 76' lang='lat' dir='ltr'><strong>peri</strong></span> <span class='ocrx_word' id='word_1_287' title='bbox 436 3552 463 3593; x_wconf 87' lang='lat' dir='ltr'><strong>l:</strong></span> <span class='ocrx_word' id='word_1_288' title='bbox 485 3551 522 3594; x_wconf 88' lang='lat'><strong>16.</strong></span> <span class='ocrx_word' id='word_1_289' title='bbox 539 3546 564 3591; x_wconf 92' lang='lat' dir='ltr'><strong>in</strong></span> <span class='ocrx_word' id='word_1_290' title='bbox 583 3543 621 3592; x_wconf 78' lang='lat'><strong>3⁰.</strong></span> <span class='ocrx_word' id='word_1_291' title='bbox 639 3545 688 3604; x_wconf 85' lang='lat' dir='ltr'><strong>pari</strong></span> <span class='ocrx_word' id='word_1_292' title='bbox 702 3549 730 3592; x_wconf 82' lang='lat' dir='ltr'><strong>l:</strong></span> <span class='ocrx_word' id='word_1_293' title='bbox 750 3549 799 3602; x_wconf 71' lang='lat'><strong>315</strong></span> <span class='ocrx_word' id='word_1_294' title='bbox 832 3544 943 3600; x_wconf 83' lang='lat' dir='ltr'><strong>tensione,</strong></span> <span class='ocrx_word' id='word_1_295' title='bbox 963 3561 1017 3592; x_wconf 91' lang='lat' dir='ltr'><strong>cum</strong></span> <span class='ocrx_word' id='word_1_296' title='bbox 1037 3547 1122 3594; x_wconf 70' lang='lat' dir='ltr'><strong>chorda</strong></span> <span class='ocrx_word' id='word_1_297' title='bbox 1139 3548 1296 3596; x_wconf 78' lang='lat' dir='ltr'><strong>restitueretur</strong></span> <span class='ocrx_word' id='word_1_298' title='bbox 1314 3558 1460 3611; x_wconf 82' lang='lat' dir='ltr'><strong>tempore1;</strong></span> 
     </span>
     <span class='ocr_line' id='line_1_30' title="bbox 184 3608 1462 3674; baseline 0.005 -17"><span class='ocrx_word' id='word_1_299' title='bbox 184 3609 208 3657; x_wconf 85' lang='lat' dir='ltr'><strong>illi</strong></span> <span class='ocrx_word' id='word_1_300' title='bbox 221 3622 297 3659; x_wconf 72' lang='lat' dir='ltr'><strong>rotun</strong></span> <span class='ocrx_word' id='word_1_301' title='bbox 313 3611 420 3658; x_wconf 79' lang='lat' dir='ltr'><strong>deiectus</strong></span> <span class='ocrx_word' id='word_1_302' title='bbox 438 3619 493 3657; x_wconf 88' lang='lat' dir='ltr'><strong>sunt</strong></span> <span class='ocrx_word' id='word_1_303' title='bbox 509 3608 558 3657; x_wconf 72' lang='lat' dir='ltr'><strong>iere</strong></span> <span class='ocrx_word' id='word_1_304' title='bbox 576 3609 693 3655; x_wconf 76' lang='lat' dir='ltr'><strong>diametris</strong></span> <span class='ocrx_word' id='word_1_305' title='bbox 704 3615 726 3664; x_wconf 81' lang='lat'><strong>3,</strong></span> <span class='ocrx_word' id='word_1_306' title='bbox 739 3614 761 3664; x_wconf 77' lang='grc'><strong>2,</strong></span> <span class='ocrx_word' id='word_1_307' title='bbox 776 3613 796 3655; x_wconf 90' lang='lat' dir='ltr'><strong>l.</strong></span> <span class='ocrx_word' id='word_1_308' title='bbox 832 3608 896 3656; x_wconf 72' lang='lat' dir='ltr'><strong>unde</strong></span> <span class='ocrx_word' id='word_1_309' title='bbox 906 3609 1024 3656; x_wconf 89' lang='lat' dir='ltr'><strong>concludit</strong></span> <span class='ocrx_word' id='word_1_310' title='bbox 1035 3610 1139 3658; x_wconf 82' lang='lat' dir='ltr'><strong>desectus</strong></span> <span class='ocrx_word' id='word_1_311' title='bbox 1149 3611 1254 3674; x_wconf 76' lang='lat' dir='ltr'><strong>singulm</strong></span> <span class='ocrx_word' id='word_1_312' title='bbox 1268 3613 1394 3660; x_wconf 77' lang='lat' dir='ltr'><strong>velocitatis</strong></span> <span class='ocrx_word' id='word_1_313' title='bbox 1410 3628 1462 3674; x_wconf 86' lang='lat' dir='ltr'><strong>post</strong></span> 
     </span>
     <span class='ocr_line' id='line_1_31' title="bbox 183 3672 1460 3738; baseline -0.003 -15"><span class='ocrx_word' id='word_1_314' title='bbox 183 3677 357 3736; x_wconf 67' lang='lat' dir='ltr'><strong>pqroen‘oneles.</strong></span> <span class='ocrx_word' id='word_1_315' title='bbox 402 3673 478 3721; x_wconf 79' lang='lat' dir='ltr'><strong>Aliud</strong></span> <span class='ocrx_word' id='word_1_316' title='bbox 494 3674 680 3734; x_wconf 81' lang='lat' dir='ltr'><strong>experimentum</strong></span> <span class='ocrx_word' id='word_1_317' title='bbox 702 3673 801 3720; x_wconf 76' lang='lat' dir='ltr'><strong>tentarit</strong></span> <span class='ocrx_word' id='word_1_318' title='bbox 832 3672 912 3728; x_wconf 86' lang='lat' dir='ltr'><strong>ictum,</strong></span> <span class='ocrx_word' id='word_1_319' title='bbox 925 3675 1067 3735; x_wconf 86' lang='lat' dir='ltr'><strong>temporibus</strong></span> <span class='ocrx_word' id='word_1_320' title='bbox 1078 3676 1249 3723; x_wconf 81' lang='lat' dir='ltr'><strong>restitutionum</strong></span> <span class='ocrx_word' id='word_1_321' title='bbox 1267 3692 1317 3723; x_wconf 87' lang='lat' dir='ltr'><strong>esse</strong></span> <span class='ocrx_word' id='word_1_322' title='bbox 1332 3680 1460 3738; x_wconf 85' lang='lat' dir='ltr'><strong>proportio.</strong></span> 
     </span>
     <span class='ocr_line' id='line_1_32' title="bbox 185 3736 1460 3803; baseline 0.004 -17"><span class='ocrx_word' id='word_1_323' title='bbox 185 3737 285 3787; x_wconf 66' lang='lat' dir='ltr'><strong>timu</strong></span> <span class='ocrx_word' id='word_1_324' title='bbox 323 3739 442 3788; x_wconf 73' lang='lat' dir='ltr'><strong>chordam</strong></span> <span class='ocrx_word' id='word_1_325' title='bbox 453 3739 572 3800; x_wconf 78' lang='lat' dir='ltr'><strong>celybeem</strong></span> <span class='ocrx_word' id='word_1_326' title='bbox 586 3736 646 3784; x_wconf 88' lang='lat' dir='ltr'><strong>duos</strong></span> <span class='ocrx_word' id='word_1_327' title='bbox 662 3736 732 3798; x_wconf 85' lang='lat' dir='ltr'><strong>pedes</strong></span> <span class='ocrx_word' id='word_1_328' title='bbox 748 3736 800 3783; x_wconf 88' lang='lat' dir='ltr'><strong>lon·</strong></span> <span class='ocrx_word' id='word_1_329' title='bbox 832 3737 905 3784; x_wconf 70' lang='lat' dir='ltr'><strong>mles,</strong></span> <span class='ocrx_word' id='word_1_330' title='bbox 924 3738 1038 3786; x_wconf 84' lang='lat' dir='ltr'><strong>Menente</strong></span> <span class='ocrx_word' id='word_1_331' title='bbox 1048 3740 1121 3802; x_wconf 78' lang='lat' dir='ltr'><strong>igitur</strong></span> <span class='ocrx_word' id='word_1_332' title='bbox 1131 3755 1254 3801; x_wconf 89' lang='lat' dir='ltr'><strong>corporum</strong></span> <span class='ocrx_word' id='word_1_333' title='bbox 1262 3742 1460 3803; x_wconf 83' lang='lat' dir='ltr'><strong>homogeneorum</strong></span> 
     </span>
     <span class='ocr_line' id='line_1_33' title="bbox 234 3801 1461 3879; baseline 0.002 -27"><span class='ocrx_word' id='word_1_334' title='bbox 234 3803 406 3852; x_wconf 71' lang='lat' dir='ltr'><strong>horizontsliter</strong></span> <span class='ocrx_word' id='word_1_335' title='bbox 416 3803 514 3863; x_wconf 72' lang='lat' dir='ltr'><strong>positam</strong></span> <span class='ocrx_word' id='word_1_336' title='bbox 523 3802 591 3850; x_wconf 79' lang='lat' dir='ltr'><strong>variis</strong></span> <span class='ocrx_word' id='word_1_337' title='bbox 598 3801 674 3849; x_wconf 86' lang='lat' dir='ltr'><strong>modis</strong></span> <span class='ocrx_word' id='word_1_338' title='bbox 682 3801 799 3858; x_wconf 76' lang='lat' dir='ltr'><strong>tendebat,</strong></span> <span class='ocrx_word' id='word_1_339' title='bbox 832 3802 995 3864; x_wconf 76' lang='lat' dir='ltr'><strong>magnitudine</strong></span> <span class='ocrx_word' id='word_1_340' title='bbox 1005 3814 1029 3850; x_wconf 86' lang='lat' dir='ltr'><strong>et</strong></span> <span class='ocrx_word' id='word_1_341' title='bbox 1039 3803 1121 3879; x_wconf 66' lang='lat' dir='ltr'><strong>ligari,</strong></span> <span class='ocrx_word' id='word_1_342' title='bbox 1138 3813 1245 3851; x_wconf 71' lang='lat' dir='ltr'><strong>constans</strong></span> <span class='ocrx_word' id='word_1_343' title='bbox 1260 3807 1461 3855; x_wconf 82' lang='lat' dir='ltr'><strong>observaturretio</strong></span> 
     </span>
     <span class='ocr_line' id='line_1_34' title="bbox 258 3865 1460 3928; baseline 0.003 -13"><span class='ocrx_word' id='word_1_344' title='bbox 258 3869 354 3916; x_wconf 76' lang='lat' dir='ltr'><strong>tetidem</strong></span> <span class='ocrx_word' id='word_1_345' title='bbox 373 3866 482 3928; x_wconf 88' lang='lat' dir='ltr'><strong>repererit</strong></span> <span class='ocrx_word' id='word_1_346' title='bbox 499 3878 545 3914; x_wconf 84' lang='lat' dir='ltr'><strong>tres</strong></span> <span class='ocrx_word' id='word_1_347' title='bbox 565 3865 657 3914; x_wconf 79' lang='lat' dir='ltr'><strong>chordas</strong></span> <span class='ocrx_word' id='word_1_348' title='bbox 674 3865 798 3922; x_wconf 84' lang='lat' dir='ltr'><strong>tensiones,</strong></span> <span class='ocrx_word' id='word_1_349' title='bbox 831 3866 958 3912; x_wconf 76' lang='lat' dir='ltr'><strong>velocitatis</strong></span> <span class='ocrx_word' id='word_1_350' title='bbox 967 3879 1099 3927; x_wconf 70' lang='lat' dir='ltr'><strong>respective</strong></span> <span class='ocrx_word' id='word_1_351' title='bbox 1114 3869 1253 3928; x_wconf 75' lang='lat' dir='ltr'><strong>posticium</strong></span> <span class='ocrx_word' id='word_1_352' title='bbox 1270 3869 1300 3917; x_wconf 86' lang='lat' dir='ltr'><strong>sd</strong></span> <span class='ocrx_word' id='word_1_353' title='bbox 1316 3869 1460 3919; x_wconf 77' lang='lat' dir='ltr'><strong>velocitatem</strong></span> 
     </span>
     <span class='ocr_line' id='line_1_35' title="bbox 180 3929 1460 3996; baseline 0.003 -17"><span class='ocrx_word' id='word_1_354' title='bbox 180 3947 222 3993; x_wconf 76' lang='lat' dir='ltr'><strong>que</strong></span> <span class='ocrx_word' id='word_1_355' title='bbox 234 3933 354 3980; x_wconf 83' lang='lat' dir='ltr'><strong>efficerent</strong></span> <span class='ocrx_word' id='word_1_356' title='bbox 369 3943 396 3978; x_wconf 85' lang='lat' dir='ltr'><strong>ut</strong></span> <span class='ocrx_word' id='word_1_357' title='bbox 412 3942 516 3992; x_wconf 79' lang='lat' dir='ltr'><strong>tempora</strong></span> <span class='ocrx_word' id='word_1_358' title='bbox 530 3931 616 3993; x_wconf 89' lang='lat' dir='ltr'><strong>quibus</strong></span> <span class='ocrx_word' id='word_1_359' title='bbox 631 3929 718 3977; x_wconf 74' lang='lat' dir='ltr'><strong>chordo</strong></span> <span class='ocrx_word' id='word_1_360' title='bbox 734 3930 801 3990; x_wconf 75' lang='lat' dir='ltr'><strong>pulsa</strong></span> <span class='ocrx_word' id='word_1_361' title='bbox 832 3930 982 3990; x_wconf 84' lang='lat' dir='ltr'><strong>respectisem</strong></span> <span class='ocrx_word' id='word_1_362' title='bbox 997 3942 1051 3979; x_wconf 86' lang='lat' dir='ltr'><strong>ente</strong></span> <span class='ocrx_word' id='word_1_363' title='bbox 1061 3931 1149 3990; x_wconf 84' lang='lat' dir='ltr'><strong>ictum;</strong></span> <span class='ocrx_word' id='word_1_364' title='bbox 1166 3933 1207 3979; x_wconf 87' lang='lat' dir='ltr'><strong>sed</strong></span> <span class='ocrx_word' id='word_1_365' title='bbox 1218 3933 1307 3980; x_wconf 73' lang='lat' dir='ltr'><strong>mutati</strong></span> <span class='ocrx_word' id='word_1_366' title='bbox 1317 3935 1460 3996; x_wconf 76' lang='lat' dir='ltr'><strong>magnitudi-</strong></span> 
     </span>
     <span class='ocr_line' id='line_1_36' title="bbox 179 3994 1461 4054; baseline 0.002 -10"><span class='ocrx_word' id='word_1_367' title='bbox 179 4010 218 4044; x_wconf 68' lang='lat' dir='ltr'><strong>ne</strong></span> <span class='ocrx_word' id='word_1_368' title='bbox 232 3998 374 4052; x_wconf 72' lang='lat' dir='ltr'><strong>restituebat,</strong></span> <span class='ocrx_word' id='word_1_369' title='bbox 391 3997 468 4042; x_wconf 76' lang='lat' dir='ltr'><strong>forent</strong></span> <span class='ocrx_word' id='word_1_370' title='bbox 483 4006 511 4043; x_wconf 88' lang='lat' dir='ltr'><strong>ut</strong></span> <span class='ocrx_word' id='word_1_371' title='bbox 527 4003 548 4044; x_wconf 81' lang='lat'><strong>8.</strong></span> <span class='ocrx_word' id='word_1_372' title='bbox 560 4002 583 4042; x_wconf 75' lang='lat'><strong>9.</strong></span> <span class='ocrx_word' id='word_1_373' title='bbox 599 4001 619 4042; x_wconf 94' lang='lat'><strong>1.</strong></span> <span class='ocrx_word' id='word_1_374' title='bbox 653 3995 702 4042; x_wconf 77' lang='lat' dir='ltr'><strong>Eas</strong></span> <span class='ocrx_word' id='word_1_375' title='bbox 717 4006 797 4041; x_wconf 85' lang='lat' dir='ltr'><strong>eutem</strong></span> <span class='ocrx_word' id='word_1_376' title='bbox 829 4009 867 4050; x_wconf 87' lang='lat' dir='ltr'><strong>ne,</strong></span> <span class='ocrx_word' id='word_1_377' title='bbox 879 3994 1035 4054; x_wconf 79' lang='lat' dir='ltr'><strong>experimenta</strong></span> <span class='ocrx_word' id='word_1_378' title='bbox 1048 3996 1136 4043; x_wconf 84' lang='lat' dir='ltr'><strong>Rirzeti</strong></span> <span class='ocrx_word' id='word_1_379' title='bbox 1147 3996 1273 4044; x_wconf 85' lang='lat' dir='ltr'><strong>ostendunt</strong></span> <span class='ocrx_word' id='word_1_380' title='bbox 1283 3997 1388 4045; x_wconf 82' lang='lat' dir='ltr'><strong>delectus</strong></span> <span class='ocrx_word' id='word_1_381' title='bbox 1397 4000 1461 4047; x_wconf 84' lang='lat' dir='ltr'><strong>velo-</strong></span> 
     </span>
     <span class='ocr_line' id='line_1_37' title="bbox 179 4058 1460 4127; baseline -0.003 -17"><span class='ocrx_word' id='word_1_382' title='bbox 179 4063 283 4110; x_wconf 79' lang='lat' dir='ltr'><strong>teusiorses</strong></span> <span class='ocrx_word' id='word_1_383' title='bbox 293 4078 319 4108; x_wconf 86' lang='lat' dir='ltr'><strong>se</strong></span> <span class='ocrx_word' id='word_1_384' title='bbox 330 4070 462 4108; x_wconf 64' lang='lat' dir='ltr'><strong>mutum</strong></span> <span class='ocrx_word' id='word_1_385' title='bbox 473 4076 522 4107; x_wconf 86' lang='lat' dir='ltr'><strong>esse</strong></span> <span class='ocrx_word' id='word_1_386' title='bbox 538 4075 566 4107; x_wconf 80' lang='lat' dir='ltr'><strong>ex</strong></span> <span class='ocrx_word' id='word_1_387' title='bbox 584 4058 683 4120; x_wconf 74' lang='lat' dir='ltr'><strong>greriori</strong></span> <span class='ocrx_word' id='word_1_388' title='bbox 695 4058 730 4104; x_wconf 84' lang='lat' dir='ltr'><strong>rel</strong></span> <span class='ocrx_word' id='word_1_389' title='bbox 742 4074 797 4105; x_wconf 81' lang='lat' dir='ltr'><strong>acu-</strong></span> <span class='ocrx_word' id='word_1_390' title='bbox 829 4059 904 4106; x_wconf 75' lang='lat' dir='ltr'><strong>citetis</strong></span> <span class='ocrx_word' id='word_1_391' title='bbox 919 4059 1050 4118; x_wconf 67' lang='lat' dir='ltr'><strong>respective</strong></span> <span class='ocrx_word' id='word_1_392' title='bbox 1061 4071 1113 4119; x_wconf 89' lang='lat' dir='ltr'><strong>post</strong></span> <span class='ocrx_word' id='word_1_393' title='bbox 1124 4061 1196 4108; x_wconf 85' lang='lat' dir='ltr'><strong>ictum</strong></span> <span class='ocrx_word' id='word_1_394' title='bbox 1213 4063 1237 4106; x_wconf 91' lang='lat' dir='ltr'><strong>in</strong></span> <span class='ocrx_word' id='word_1_395' title='bbox 1257 4062 1332 4124; x_wconf 83' lang='lat' dir='ltr'><strong>globis</strong></span> <span class='ocrx_word' id='word_1_396' title='bbox 1349 4063 1460 4127; x_wconf 70' lang='lat' dir='ltr'><strong>homage.</strong></span> 
     </span>
     <span class='ocr_line' id='line_1_38' title="bbox 178 4122 1461 4188; baseline 0.002 -16"><span class='ocrx_word' id='word_1_397' title='bbox 178 4124 220 4172; x_wconf 78' lang='lat' dir='ltr'><strong>n&#39;tri</strong></span> <span class='ocrx_word' id='word_1_398' title='bbox 236 4125 377 4174; x_wconf 75' lang='lat' dir='ltr'><strong>chordmum</strong></span> <span class='ocrx_word' id='word_1_399' title='bbox 396 4140 454 4172; x_wconf 86' lang='lat' dir='ltr'><strong>sono</strong></span> <span class='ocrx_word' id='word_1_400' title='bbox 472 4125 632 4188; x_wconf 79' lang='lat' dir='ltr'><strong>intelligebet3</strong></span> <span class='ocrx_word' id='word_1_401' title='bbox 657 4123 683 4169; x_wconf 86' lang='lat' dir='ltr'><strong>in</strong></span> <span class='ocrx_word' id='word_1_402' title='bbox 700 4122 800 4185; x_wconf 65' lang='lat' dir='ltr'><strong>singuiis</strong></span> <span class='ocrx_word' id='word_1_403' title='bbox 831 4122 882 4169; x_wconf 86' lang='lat' dir='ltr'><strong>neis</strong></span> <span class='ocrx_word' id='word_1_404' title='bbox 892 4138 941 4169; x_wconf 86' lang='lat' dir='ltr'><strong>esse</strong></span> <span class='ocrx_word' id='word_1_405' title='bbox 951 4124 976 4169; x_wconf 89' lang='lat' dir='ltr'><strong>in</strong></span> <span class='ocrx_word' id='word_1_406' title='bbox 988 4123 1076 4170; x_wconf 75' lang='lat' dir='ltr'><strong>ratione</strong></span> <span class='ocrx_word' id='word_1_407' title='bbox 1095 4124 1268 4181; x_wconf 79' lang='lat' dir='ltr'><strong>diametrorum,</strong></span> <span class='ocrx_word' id='word_1_408' title='bbox 1288 4135 1329 4172; x_wconf 82' lang='lat' dir='ltr'><strong>sut</strong></span> <span class='ocrx_word' id='word_1_409' title='bbox 1347 4127 1418 4175; x_wconf 63' lang='lat' dir='ltr'><strong>aiem</strong></span> <span class='ocrx_word' id='word_1_410' title='bbox 1436 4129 1461 4175; x_wconf 89' lang='lat' dir='ltr'><strong>in</strong></span> 
     </span>
     <span class='ocr_line' id='line_1_39' title="bbox 177 4186 1461 4253; baseline -0.005 -15"><span class='ocrx_word' id='word_1_411' title='bbox 177 4189 552 4253; x_wconf 68' lang='lat' dir='ltr'><strong>ttionibrsgiobumebumeum</strong></span> <span class='ocrx_word' id='word_1_412' title='bbox 558 4189 626 4252; x_wconf 86' lang='lat' dir='ltr'><strong>cujus</strong></span> <span class='ocrx_word' id='word_1_413' title='bbox 632 4187 743 4234; x_wconf 74' lang='lat' dir='ltr'><strong>diameter</strong></span> <span class='ocrx_word' id='word_1_414' title='bbox 751 4197 801 4234; x_wconf 84' lang='lat' dir='ltr'><strong>eret</strong></span> <span class='ocrx_word' id='word_1_415' title='bbox 831 4186 922 4233; x_wconf 69' lang='lat' dir='ltr'><strong>atione</strong></span> <span class='ocrx_word' id='word_1_416' title='bbox 931 4197 1064 4248; x_wconf 88' lang='lat' dir='ltr'><strong>temporum</strong></span> <span class='ocrx_word' id='word_1_417' title='bbox 1075 4189 1161 4250; x_wconf 90' lang='lat' dir='ltr'><strong>quibus</strong></span> <span class='ocrx_word' id='word_1_418' title='bbox 1176 4189 1240 4251; x_wconf 69' lang='lat' dir='ltr'><strong>globi</strong></span> <span class='ocrx_word' id='word_1_419' title='bbox 1256 4192 1380 4251; x_wconf 74' lang='lat' dir='ltr'><strong>compressi</strong></span> <span class='ocrx_word' id='word_1_420' title='bbox 1396 4194 1461 4240; x_wconf 66' lang='lat' dir='ltr'><strong>mei.</strong></span> 
     </span>
    </p>

    <p class='ocr_par' dir='ltr' id='par_1_16' title="bbox 110 4252 1461 4764">
     <span class='ocr_line' id='line_1_40' title="bbox 110 4252 938 4315; baseline -0.007 -12"><span class='ocrx_word' id='word_1_421' title='bbox 110 4284 113 4299; x_wconf 66' lang='grc' dir='ltr'>ι</span> <span class='ocrx_word' id='word_1_422' title='bbox 176 4253 267 4302; x_wconf 61' lang='lat' dir='ltr'><strong>&amp;suurn</strong></span> <span class='ocrx_word' id='word_1_423' title='bbox 275 4255 407 4309; x_wconf 74' lang='lat' dir='ltr'><strong>undarum,</strong></span> <span class='ocrx_word' id='word_1_424' title='bbox 416 4253 457 4300; x_wconf 84' lang='lat' dir='ltr'><strong>filo</strong></span> <span class='ocrx_word' id='word_1_425' title='bbox 465 4253 545 4301; x_wconf 88' lang='lat' dir='ltr'><strong>decem</strong></span> <span class='ocrx_word' id='word_1_426' title='bbox 553 4252 625 4314; x_wconf 86' lang='lat' dir='ltr'><strong>pedes</strong></span> <span class='ocrx_word' id='word_1_427' title='bbox 632 4252 705 4315; x_wconf 72' lang='lat' dir='ltr'><strong>longo</strong></span> <span class='ocrx_word' id='word_1_428' title='bbox 713 4266 799 4311; x_wconf 81' lang='lat' dir='ltr'><strong>eppen-</strong></span> <span class='ocrx_word' id='word_1_429' title='bbox 832 4260 938 4298; x_wconf 88' lang='lat' dir='ltr'><strong>tuuntur.</strong></span> 
     </span>
     <span class='ocr_line' id='line_1_41' title="bbox 176 4315 1461 4383; baseline 0.001 -16"><span class='ocrx_word' id='word_1_430' title='bbox 176 4333 220 4366; x_wconf 76' lang='lat' dir='ltr'><strong>mm</strong></span> <span class='ocrx_word' id='word_1_431' title='bbox 230 4331 254 4367; x_wconf 89' lang='lat' dir='ltr'><strong>et</strong></span> <span class='ocrx_word' id='word_1_432' title='bbox 264 4320 289 4366; x_wconf 84' lang='lat' dir='ltr'><strong>in</strong></span> <span class='ocrx_word' id='word_1_433' title='bbox 301 4318 380 4366; x_wconf 88' lang='lat' dir='ltr'><strong>medio</strong></span> <span class='ocrx_word' id='word_1_434' title='bbox 391 4318 502 4379; x_wconf 69' lang='lat' dir='ltr'><strong>tantisper</strong></span> <span class='ocrx_word' id='word_1_435' title='bbox 512 4317 686 4379; x_wconf 75' lang='lat' dir='ltr'><strong>complanatum</strong></span> <span class='ocrx_word' id='word_1_436' title='bbox 697 4316 722 4362; x_wconf 90' lang='lat' dir='ltr'><strong>in</strong></span> <span class='ocrx_word' id='word_1_437' title='bbox 734 4317 800 4362; x_wconf 86' lang='lat' dir='ltr'><strong>chor.</strong></span> <span class='ocrx_word' id='word_1_438' title='bbox 865 4315 900 4376; x_wconf 83' lang='lat'><strong>(¹)</strong></span> <span class='ocrx_word' id='word_1_439' title='bbox 919 4321 956 4364; x_wconf 87' lang='lat'><strong>99.</strong></span> <span class='ocrx_word' id='word_1_440' title='bbox 978 4315 1002 4362; x_wconf 85' lang='lat' dir='ltr'><strong>Si</strong></span> <span class='ocrx_word' id='word_1_441' title='bbox 1012 4330 1109 4376; x_wconf 69' lang='lat' dir='ltr'><strong>magnes</strong></span> <span class='ocrx_word' id='word_1_442' title='bbox 1119 4317 1208 4364; x_wconf 87' lang='lat' dir='ltr'><strong>suberis</strong></span> <span class='ocrx_word' id='word_1_443' title='bbox 1217 4316 1299 4372; x_wconf 79' lang='lat' dir='ltr'><strong>frusto,</strong></span> <span class='ocrx_word' id='word_1_444' title='bbox 1312 4319 1461 4383; x_wconf 80' lang='lat' dir='ltr'><strong>similiterque</strong></span> 
     </span>
     <span class='ocr_line' id='line_1_42' title="bbox 175 4378 1461 4441; baseline 0.001 -11"><span class='ocrx_word' id='word_1_445' title='bbox 175 4381 222 4430; x_wconf 79' lang='lat' dir='ltr'><strong>dm</strong></span> <span class='ocrx_word' id='word_1_446' title='bbox 232 4384 376 4438; x_wconf 70' lang='lat' dir='ltr'><strong>dwittebet,</strong></span> <span class='ocrx_word' id='word_1_447' title='bbox 388 4392 412 4430; x_wconf 87' lang='lat' dir='ltr'><strong>et</strong></span> <span class='ocrx_word' id='word_1_448' title='bbox 421 4382 524 4431; x_wconf 74' lang='lat' dir='ltr'><strong>detracti</strong></span> <span class='ocrx_word' id='word_1_449' title='bbox 535 4382 594 4429; x_wconf 77' lang='lat' dir='ltr'><strong>eiiris</strong></span> <span class='ocrx_word' id='word_1_450' title='bbox 609 4379 744 4436; x_wconf 56' lang='lat' dir='ltr'><strong>Maeotii,</strong></span> <span class='ocrx_word' id='word_1_451' title='bbox 761 4394 800 4425; x_wconf 85' lang='lat' dir='ltr'><strong>re·</strong></span> <span class='ocrx_word' id='word_1_452' title='bbox 832 4379 920 4426; x_wconf 80' lang='lat' dir='ltr'><strong>sermm</strong></span> <span class='ocrx_word' id='word_1_453' title='bbox 932 4378 979 4426; x_wconf 83' lang='lat' dir='ltr'><strong>elio</strong></span> <span class='ocrx_word' id='word_1_454' title='bbox 994 4380 1081 4426; x_wconf 87' lang='lat' dir='ltr'><strong>suberis</strong></span> <span class='ocrx_word' id='word_1_455' title='bbox 1101 4382 1175 4427; x_wconf 77' lang='lat' dir='ltr'><strong>frusto</strong></span> <span class='ocrx_word' id='word_1_456' title='bbox 1193 4381 1350 4441; x_wconf 83' lang='lat' dir='ltr'><strong>imponentur,</strong></span> <span class='ocrx_word' id='word_1_457' title='bbox 1370 4396 1398 4431; x_wconf 91' lang='lat' dir='ltr'><strong>ut</strong></span> <span class='ocrx_word' id='word_1_458' title='bbox 1412 4394 1461 4430; x_wconf 75' lang='lat' dir='ltr'><strong>tem</strong></span> 
     </span>
     <span class='ocr_line' id='line_1_43' title="bbox 110 4444 1460 4509; baseline 0 -14"><span class='ocrx_word' id='word_1_459' title='bbox 110 4458 112 4467; x_wconf 91' lang='lat'>&#39;</span> <span class='ocrx_word' id='word_1_460' title='bbox 174 4445 284 4496; x_wconf 73' lang='lat' dir='ltr'><strong>lntitetem</strong></span> <span class='ocrx_word' id='word_1_461' title='bbox 295 4448 446 4508; x_wconf 80' lang='lat' dir='ltr'><strong>respectirem</strong></span> <span class='ocrx_word' id='word_1_462' title='bbox 456 4446 511 4494; x_wconf 74' lang='lat' dir='ltr'><strong>ente</strong></span> <span class='ocrx_word' id='word_1_463' title='bbox 522 4457 605 4507; x_wconf 78' lang='lat' dir='ltr'><strong>etpost</strong></span> <span class='ocrx_word' id='word_1_464' title='bbox 615 4446 688 4492; x_wconf 87' lang='lat' dir='ltr'><strong>ictum</strong></span> <span class='ocrx_word' id='word_1_465' title='bbox 696 4445 797 4492; x_wconf 77' lang='lat' dir='ltr'><strong>potebat.</strong></span> <span class='ocrx_word' id='word_1_466' title='bbox 832 4458 929 4505; x_wconf 76' lang='lat' dir='ltr'><strong>magnes</strong></span> <span class='ocrx_word' id='word_1_467' title='bbox 944 4459 1014 4504; x_wconf 85' lang='lat' dir='ltr'><strong>quem</strong></span> <span class='ocrx_word' id='word_1_468' title='bbox 1030 4444 1118 4490; x_wconf 79' lang='lat' dir='ltr'><strong>serrum</strong></span> <span class='ocrx_word' id='word_1_469' title='bbox 1137 4446 1162 4490; x_wconf 87' lang='lat' dir='ltr'><strong>in</strong></span> <span class='ocrx_word' id='word_1_470' title='bbox 1178 4444 1238 4507; x_wconf 79' lang='lat' dir='ltr'><strong>aqui</strong></span> <span class='ocrx_word' id='word_1_471' title='bbox 1256 4446 1328 4494; x_wconf 75' lang='lat' dir='ltr'><strong>libere</strong></span> <span class='ocrx_word' id='word_1_472' title='bbox 1346 4457 1460 4509; x_wconf 64' lang='lat' dir='ltr'><strong>regnent,</strong></span> 
     </span>
     <span class='ocr_line' id='line_1_44' title="bbox 175 4506 1459 4570; baseline -0.002 -11"><span class='ocrx_word' id='word_1_473' title='bbox 175 4511 306 4560; x_wconf 72' lang='lat' dir='ltr'><strong>oberravit</strong></span> <span class='ocrx_word' id='word_1_474' title='bbox 316 4522 396 4560; x_wconf 83' lang='lat' dir='ltr'><strong>eutem</strong></span> <span class='ocrx_word' id='word_1_475' title='bbox 406 4511 553 4559; x_wconf 74' lang='lat' dir='ltr'><strong>velocitatem</strong></span> <span class='ocrx_word' id='word_1_476' title='bbox 564 4508 618 4556; x_wconf 70' lang='lat' dir='ltr'><strong>enti</strong></span> <span class='ocrx_word' id='word_1_477' title='bbox 628 4511 699 4556; x_wconf 89' lang='lat' dir='ltr'><strong>ictum</strong></span> <span class='ocrx_word' id='word_1_478' title='bbox 711 4524 760 4555; x_wconf 87' lang='lat' dir='ltr'><strong>esse</strong></span> <span class='ocrx_word' id='word_1_479' title='bbox 770 4507 800 4553; x_wconf 79' lang='lat' dir='ltr'><strong>ed</strong></span> <span class='ocrx_word' id='word_1_480' title='bbox 832 4506 916 4568; x_wconf 75' lang='lat' dir='ltr'><strong>aquali</strong></span> <span class='ocrx_word' id='word_1_481' title='bbox 927 4506 1006 4554; x_wconf 71' lang='lat' dir='ltr'><strong>motis</strong></span> <span class='ocrx_word' id='word_1_482' title='bbox 1015 4509 1143 4570; x_wconf 72' lang='lat' dir='ltr'><strong>quantitate</strong></span> <span class='ocrx_word' id='word_1_483' title='bbox 1151 4509 1192 4556; x_wconf 91' lang='lat' dir='ltr'><strong>sibi</strong></span> <span class='ocrx_word' id='word_1_484' title='bbox 1204 4519 1289 4558; x_wconf 90' lang='lat' dir='ltr'><strong>mutuo</strong></span> <span class='ocrx_word' id='word_1_485' title='bbox 1297 4511 1386 4559; x_wconf 80' lang='lat' dir='ltr'><strong>obviem</strong></span> <span class='ocrx_word' id='word_1_486' title='bbox 1395 4522 1459 4564; x_wconf 84' lang='lat' dir='ltr'><strong>eunt.</strong></span> 
     </span>
     <span class='ocr_line' id='line_1_45' title="bbox 175 4570 1461 4637; baseline -0.001 -15"><span class='ocrx_word' id='word_1_487' title='bbox 175 4577 313 4625; x_wconf 67' lang='lat' dir='ltr'><strong>velocitatem</strong></span> <span class='ocrx_word' id='word_1_488' title='bbox 325 4587 377 4637; x_wconf 85' lang='lat' dir='ltr'><strong>post</strong></span> <span class='ocrx_word' id='word_1_489' title='bbox 387 4577 469 4632; x_wconf 71' lang='lat' dir='ltr'><strong>ictum</strong></span> <span class='ocrx_word' id='word_1_490' title='bbox 481 4586 508 4622; x_wconf 89' lang='lat' dir='ltr'><strong>ut</strong></span> <span class='ocrx_word' id='word_1_491' title='bbox 522 4580 558 4625; x_wconf 86' lang='lat' dir='ltr'><strong>ll.</strong></span> <span class='ocrx_word' id='word_1_492' title='bbox 570 4574 600 4620; x_wconf 80' lang='lat' dir='ltr'><strong>ed</strong></span> <span class='ocrx_word' id='word_1_493' title='bbox 614 4579 650 4630; x_wconf 88' lang='grc'><strong>10,</strong></span> <span class='ocrx_word' id='word_1_494' title='bbox 666 4574 692 4619; x_wconf 90' lang='lat' dir='ltr'><strong>in</strong></span> <span class='ocrx_word' id='word_1_495' title='bbox 706 4571 736 4620; x_wconf 76' lang='lat'><strong>1¹·</strong></span> <span class='ocrx_word' id='word_1_496' title='bbox 751 4583 802 4618; x_wconf 85' lang='lat' dir='ltr'><strong>ten·</strong></span> <span class='ocrx_word' id='word_1_497' title='bbox 834 4570 867 4617; x_wconf 81' lang='lat' dir='ltr'><strong>iti</strong></span> <span class='ocrx_word' id='word_1_498' title='bbox 877 4580 905 4617; x_wconf 87' lang='lat' dir='ltr'><strong>ut</strong></span> <span class='ocrx_word' id='word_1_499' title='bbox 914 4587 995 4618; x_wconf 89' lang='lat' dir='ltr'><strong>eorum</strong></span> <span class='ocrx_word' id='word_1_500' title='bbox 1007 4572 1135 4620; x_wconf 81' lang='lat' dir='ltr'><strong>celeritates</strong></span> <span class='ocrx_word' id='word_1_501' title='bbox 1145 4573 1191 4620; x_wconf 88' lang='lat' dir='ltr'><strong>sint</strong></span> <span class='ocrx_word' id='word_1_502' title='bbox 1201 4573 1226 4619; x_wconf 90' lang='lat' dir='ltr'><strong>in</strong></span> <span class='ocrx_word' id='word_1_503' title='bbox 1234 4575 1324 4622; x_wconf 71' lang='lat' dir='ltr'><strong>ratione</strong></span> <span class='ocrx_word' id='word_1_504' title='bbox 1331 4574 1461 4635; x_wconf 83' lang='lat' dir='ltr'><strong>ponderum</strong></span> 
     </span>
     <span class='ocr_line' id='line_1_46' title="bbox 174 4635 1460 4702; baseline -0.002 -14"><span class='ocrx_word' id='word_1_505' title='bbox 174 4640 241 4697; x_wconf 72' lang='lat' dir='ltr'><strong>ione,</strong></span> <span class='ocrx_word' id='word_1_506' title='bbox 252 4657 308 4688; x_wconf 78' lang='lat' dir='ltr'><strong>cerm</strong></span> <span class='ocrx_word' id='word_1_507' title='bbox 320 4640 408 4688; x_wconf 68' lang='lat' dir='ltr'><strong>chorda</strong></span> <span class='ocrx_word' id='word_1_508' title='bbox 417 4640 486 4702; x_wconf 77' lang='lat' dir='ltr'><strong>pulsa</strong></span> <span class='ocrx_word' id='word_1_509' title='bbox 494 4639 652 4686; x_wconf 86' lang='lat' dir='ltr'><strong>restitueretur</strong></span> <span class='ocrx_word' id='word_1_510' title='bbox 659 4647 762 4697; x_wconf 89' lang='lat' dir='ltr'><strong>tempore</strong></span> <span class='ocrx_word' id='word_1_511' title='bbox 770 4643 800 4692; x_wconf 79' lang='lat'><strong>3;</strong></span> <span class='ocrx_word' id='word_1_512' title='bbox 834 4635 964 4696; x_wconf 77' lang='lat' dir='ltr'><strong>reciproot3</strong></span> <span class='ocrx_word' id='word_1_513' title='bbox 982 4635 1039 4682; x_wconf 90' lang='lat' dir='ltr'><strong>dum</strong></span> <span class='ocrx_word' id='word_1_514' title='bbox 1051 4635 1105 4684; x_wconf 76' lang='lat' dir='ltr'><strong>verti</strong></span> <span class='ocrx_word' id='word_1_515' title='bbox 1116 4637 1145 4684; x_wconf 83' lang='lat' dir='ltr'><strong>ed</strong></span> <span class='ocrx_word' id='word_1_516' title='bbox 1156 4647 1288 4687; x_wconf 79' lang='lat' dir='ltr'><strong>contactum</strong></span> <span class='ocrx_word' id='word_1_517' title='bbox 1299 4650 1460 4700; x_wconf 81' lang='lat' dir='ltr'><strong>pervenerunt,</strong></span> 
     </span>
     <span class='ocr_line' id='line_1_47' title="bbox 173 4699 1461 4764; baseline -0.003 -12"><span class='ocrx_word' id='word_1_518' title='bbox 173 4717 197 4753; x_wconf 79' lang='lat' dir='ltr'><strong>et</strong></span> <span class='ocrx_word' id='word_1_519' title='bbox 209 4713 236 4754; x_wconf 76' lang='lat'><strong>16</strong></span> <span class='ocrx_word' id='word_1_520' title='bbox 247 4706 278 4754; x_wconf 83' lang='lat' dir='ltr'><strong>ed</strong></span> <span class='ocrx_word' id='word_1_521' title='bbox 291 4712 321 4756; x_wconf 81' lang='lat'><strong>15</strong></span> <span class='ocrx_word' id='word_1_522' title='bbox 332 4707 358 4752; x_wconf 89' lang='lat' dir='ltr'><strong>in</strong></span> <span class='ocrx_word' id='word_1_523' title='bbox 368 4707 403 4753; x_wconf 62' lang='lat'><strong>2²</strong></span> <span class='ocrx_word' id='word_1_524' title='bbox 417 4704 531 4762; x_wconf 85' lang='lat' dir='ltr'><strong>tensione,</strong></span> <span class='ocrx_word' id='word_1_525' title='bbox 549 4717 605 4749; x_wconf 83' lang='lat' dir='ltr'><strong>cum</strong></span> <span class='ocrx_word' id='word_1_526' title='bbox 615 4701 700 4748; x_wconf 72' lang='lat' dir='ltr'><strong>chorda</strong></span> <span class='ocrx_word' id='word_1_527' title='bbox 710 4701 801 4748; x_wconf 85' lang='lat' dir='ltr'><strong>restitu-</strong></span> <span class='ocrx_word' id='word_1_528' title='bbox 834 4700 859 4746; x_wconf 90' lang='lat' dir='ltr'><strong>in</strong></span> <span class='ocrx_word' id='word_1_529' title='bbox 870 4699 999 4763; x_wconf 70' lang='lat' dir='ltr'><strong>equilibris</strong></span> <span class='ocrx_word' id='word_1_530' title='bbox 1009 4701 1145 4750; x_wconf 86' lang='lat' dir='ltr'><strong>consistunt.</strong></span> <span class='ocrx_word' id='word_1_531' title='bbox 1177 4701 1461 4764; x_wconf 74' lang='lat' dir='ltr'><strong>Querdhocerperimen-</strong></span> 
     </span>
    </p>
   </div>
   <div class='ocr_carea' id='block_1_4' title="bbox 0 0 1606 5446">
    <p class='ocr_par' dir='ltr' id='par_1_17' title="bbox 0 0 1606 5446">
     <span class='ocr_line' id='line_1_48' title="bbox 0 0 1606 5446; baseline 0 3"><span class='ocrx_word' id='word_1_532' title='bbox 0 0 1606 5446; x_wconf 95' lang='lat' dir='ltr'><strong> </strong></span> 
     </span>
    </p>
   </div>
  </div>
 </body>
</html>
