3202 5446
157 489 451 601 susspirans]
494 488 753 557 :Putrvclett
776 483 1145 556 MATHEMATICA.
1381 497 1443 560 stt

201 659 300 723 Cerei.
319 665 369 721 18.
392 656 510 721 lisdem
524 656 656 745 legibus,
672 657 785 742 quibus
800 678 913 741 corpus
926 657 954 723 P
969 656 1086 721 circum
1101 679 1215 743 corpus
1227 658 1259 723 T
1269 658 1447 736 revolvitur,
1464 719 1470 729 ,

155 767 312 856 fingamus
327 787 462 850 corpora
474 766 566 851 plura
578 767 676 831 fluida
690 767 807 831 circum
821 767 906 831 idem
921 767 953 831 Τ
967 767 1007 832 ad
1022 768 1157 854 aequales
1178 769 1217 832 ab
1239 770 1308 854 ipso
1332 770 1449 833 distan-
1482 830 1485 836 .

155 876 215 942 tias
230 874 368 951 moveri3
390 873 505 938 deinde
520 897 560 937 ex
574 874 622 937 his
638 875 792 961 contiguis
806 874 893 939 factis
913 876 1041 939 conflari
1062 876 1212 940 annulum
1233 878 1374 957 fluidum,
1397 901 1450 941 ro-

155 983 292 1049 tundum
306 1003 343 1045 ac
357 982 483 1066 corpori
498 982 530 1046 T
544 981 796 1074 concentricum3
819 995 851 1074 et
865 982 997 1070 singulae
1011 983 1119 1047 annuli
1132 997 1247 1069 partes,
1263 999 1366 1049 motus
1378 1008 1450 1049 suos

156 1113 266 1156 omnes
281 1090 321 1154 ad
336 1089 438 1176 legem
453 1090 593 1174 corporis
610 1090 637 1154 P
652 1074 842 1177 peragendo,
862 1090 992 1174 propius
1007 1091 1156 1156 accedent
1170 1092 1211 1156 ad
1225 1115 1338 1179 corpus
1354 1095 1395 1173 T,
1419 1108 1451 1159 et

156 1200 289 1264 celerius
303 1199 511 1264 movebuntur
525 1201 559 1262 in
573 1200 792 1284 conjunctione
807 1211 839 1263 et
853 1199 1050 1284 oppositione
1064 1201 1203 1284 ipsarum
1218 1213 1249 1265 et
1264 1205 1401 1286 corporis
1415 1205 1448 1281 S,

156 1332 252 1396 quam
267 1309 300 1371 in
316 1307 522 1394 quadraturis.
569 1306 612 1371 Et
625 1307 701 1370 nodi
716 1306 824 1370 anntdi
839 1306 943 1392 hujus,
960 1330 1015 1372 seu
1033 1308 1269 1373 intersectiones
1290 1311 1356 1394 ejus
1379 1333 1452 1376 cum

154 1419 253 1504 plano
267 1418 378 1482 orbitae
393 1417 532 1501 corporis
548 1417 571 1480 S
587 1417 635 1480 vel
651 1417 692 1494 T,
709 1418 915 1502 quiescentia
931 1418 1084 1504 syzygiis3
1112 1432 1202 1483 extra
1216 1421 1354 1508 syzygias
1376 1418 1451 1484 verb

154 1526 365 1592 movebuntur
378 1525 411 1587 in
426 1523 650 1602 antecedentia,
667 1537 698 1588 et
709 1522 902 1589 velocissime
917 1525 1044 1609 quidem
1059 1526 1092 1588 in
1108 1525 1315 1612 quadraturis,
1331 1527 1450 1592 tardius

154 1635 225 1701 aliis
240 1636 273 1698 in
287 1635 374 1699 locis.
419 1633 541 1700 Annuli
555 1656 680 1720 quoque
695 1632 854 1697 inclinatio
869 1633 1047 1711 variabitur,
1070 1633 1104 1717 (¹)
1127 1648 1159 1698 et
1173 1635 1240 1698 axis
1254 1637 1320 1721 ejus
1342 1636 1450 1724 singu-

154 1743 195 1807 lis
209 1741 452 1806 revolutionibus
467 1740 668 1818 oscillabitur,
685 1739 900 1825 completique
910 1739 1103 1803 revolutione
1119 1740 1160 1804 ad
1173 1742 1338 1825 pristinum
1355 1743 1449 1806 situm

159 1849 284 1926 redibit,
301 1848 361 1911 nisi
377 1847 529 1932 quitenus
542 1869 600 1931 per
614 1847 851 1931 praecessionem
867 1846 1023 1909 nodorum
1038 1845 1262 1911 circumfertur.

202 1957 300 2020 corot.
320 1963 369 2020 19.
395 1954 512 2041 Fingas
522 1955 587 2038 jam
603 1952 733 2040 globum
749 1953 889 2037 corporis
906 1952 946 2030 T,
963 1974 1003 2016 ex
1018 1952 1147 2016 materiai
1172 1975 1236 2016 non
1258 1953 1354 2019 fluide
1377 1977 1452 2019 con·

157 2075 302 2142 stantun,
319 2062 462 2148 ampliari
477 2074 509 2125 et
523 2061 651 2125 extendi
666 2084 764 2147 usque
780 2061 819 2124 ad
835 2060 920 2125 bunc
935 2061 1096 2139 annulum,
1122 2074 1153 2124 et
1167 2061 1256 2125 alveo
1268 2084 1327 2146 per
1341 2062 1452 2126 circui·

155 2185 224 2236 tum
239 2183 389 2234 excavato
404 2170 563 2234 continere
578 2190 700 2253 aquam,
713 2181 861 2255 motuque
871 2167 982 2232 eodem
993 2167 1153 2252 periodico
1165 2168 1246 2231 circa
1257 2191 1347 2231 axem
1359 2191 1451 2233 suum

158 2278 356 2345 uniformiter
370 2277 496 2342 revolvi.
544 2278 610 2360 Hic
624 2277 728 2363 liquor
741 2299 799 2361 per
813 2277 896 2340 vices
911 2276 1099 2340 acceleratus
1115 2288 1147 2340 et
1160 2276 1333 2340 retardatus
1356 2282 1404 2362 (ut
1418 2278 1452 2340 in

156 2387 322 2472 superiore
337 2385 515 2465 corollario)
541 2383 579 2469 (l)
601 2386 634 2448 in
649 2385 783 2473 syzygiis
805 2385 940 2448 velocior
962 2386 1038 2463 erit,
1055 2386 1088 2447 in
1111 2385 1307 2471 quadraturis
1333 2387 1452 2451 tardior

155 2518 251 2583 quam
267 2495 447 2580 superficies
462 2493 558 2580 globi,
575 2506 606 2556 et
624 2494 668 2557 sic
682 2493 758 2558 fluet
772 2494 803 2556 in
828 2493 917 2558 alveo
937 2481 1107 2581 refluetque
1131 2495 1171 2558 ad
1194 2495 1324 2571 modum
1347 2496 1450 2560 maris.

158 2607 264 2692 Aqua,
282 2603 470 2668 revolvendo
485 2604 567 2667 circa
581 2604 666 2690 globi
682 2619 824 2668 centrum
839 2605 1010 2691 quiescens,
1035 2607 1061 2669 si
1084 2606 1210 2671 tollatur
1225 2607 1367 2671 attractio
1382 2629 1452 2671 cor·

153 2717 241 2801 poris
258 2716 291 2792 S,
307 2715 432 2778 nullum
447 2714 585 2800 acquiret
600 2728 719 2777 motum
734 2714 838 2777 fluxus
853 2727 885 2778 et
899 2715 1048 2778 refluxus.
1094 2714 1127 2800 (¹)
1153 2717 1216 2781 Par
1230 2730 1278 2780 est
1292 2717 1371 2780 ratio
1382 2717 1450 2804 glo-

155 2825 189 2889 bi
205 2823 401 2888 uniformiter
415 2822 643 2910 progredientis
658 2822 690 2884 in
706 2821 870 2898 directum,
894 2834 926 2886 et
947 2823 1067 2886 interea
1081 2822 1266 2888 revolventis
1282 2825 1364 2889 cirea
1379 2847 1451 2888 een-

153 2948 239 3000 trum
254 2958 344 2999 suum
368 2939 438 3018 (per
452 2933 557 3020 legum
574 2931 679 2995 Corol.
697 2932 739 3012 5.)
764 2945 799 2995 ut
814 2944 846 2995 et
867 2931 952 3018 globi
972 2931 1011 2995 de
1032 2954 1125 2994 cursu
1148 2933 1309 2996 rectilineo
1331 2931 1450 2997 unifor-

155 3045 248 3107 miter
263 3042 364 3118 traeti,
393 3045 463 3124 (per
478 3039 583 3127 legum
602 3038 706 3102 Corol.
725 3039 769 3118 6.)
797 3039 938 3103 Accedat
953 3051 1056 3104 autern
1073 3062 1186 3124 corpus
1203 3042 1236 3120 S,
1252 3055 1284 3105 et
1298 3042 1338 3106 ab
1352 3041 1372 3124 i,
1386 3042 1449 3104 sius

154 3149 338 3235 rnaequabili
353 3147 536 3211 attractione
552 3168 627 3209 mox
643 3146 817 3209 turbabitur
831 3169 921 3232 aqua.
967 3146 1092 3210 Etenim
1108 3149 1206 3232 major
1228 3149 1286 3211 erit
1307 3149 1450 3214 attractio

154 3278 245 3340 aquoe
260 3254 425 3338 propioris,
442 3252 545 3314 minor
560 3276 597 3315 ea
610 3251 795 3315 remotioris.
834 3253 882 3336 (¹¹¹)
906 3252 963 3314 Vis
986 3264 1090 3315 autem
1105 3253 1134 3317 L
1151 3253 1190 3316 M
1213 3252 1315 3317 trahet
1335 3276 1448 3338 aquam

154 3362 302 3426 deorsum
317 3363 348 3423 in
365 3360 572 3445 quadraturis,
589 3358 741 3445 facietque
756 3350 1060 3443 ipsam'descendere
1073 3384 1170 3446 usque
1182 3362 1222 3425 ad
1234 3364 1394 3451 syzygias;
1417 3376 1449 3427 et

153 3492 199 3532 vis
216 3469 248 3532 K
266 3469 294 3532 L
310 3467 411 3531 trahet
426 3467 557 3530 eandem
573 3489 695 3529 sursum
718 3467 750 3529 in
774 3467 917 3553 syzygiis,
945 3467 1093 3553 sistetque
1116 3467 1299 3532 descensum
1326 3471 1391 3554 ejus
1417 3481 1449 3533 et

154 3571 248 3640 faciet
263 3577 363 3659 ipsam
380 3573 548 3637 ascendere
563 3596 661 3658 usque
676 3573 715 3636 ad
731 3572 953 3658 quadraturas:
976 3573 1036 3636 nisi
1051 3573 1202 3660 quitenus
1216 3589 1319 3638 motus
1330 3575 1449 3639 fluendi

155 3697 188 3748 et
201 3683 356 3747 refluendi
372 3683 411 3745 ab
428 3681 516 3744 alveo
531 3703 621 3767 aquae
637 3681 798 3768 dirigatur,
816 3694 847 3744 et
861 3704 918 3766 per
939 3681 1113 3746 frictionem
1135 3683 1328 3769 aliqudtenus
1350 3698 1448 3748 retar-

154 3791 254 3854 detur.

199 3899 297 3962 Corol.
326 3905 378 3960 20.
404 3895 437 3960 si
453 3895 585 3959 annulus
602 3897 669 3980 jam
688 3895 797 3982 rigeat,
817 3906 850 3958 et
868 3895 1026 3959 minuatur
1046 3896 1169 3983 globus,
1189 3897 1321 3961 cessabit
1342 3910 1445 3964 motus

185 4093 217 4157 (¹)
235 4096 249 4122 ⁹
266 4095 299 4141 m
311 4095 359 4139 urit
369 4091 418 4152 qiu
430 4107 471 4137 seu
486 4100 549 4137 recta
565 4105 606 4150 per
621 4099 727 4136 centrum
744 4104 786 4135 an·
817 4104 872 4135 uem
884 4087 988 4144 absolvit,
1000 4088 1078 4136 media
1088 4089 1131 4136 erit
1142 4089 1202 4136 inter
1219 4090 1344 4136 maximam
1362 4088 1447 4138 veloci-

152 4159 204 4206 uuli
227 4157 299 4203 ducta
320 4156 349 4202 ad
371 4156 466 4214 planum
487 4156 538 4217 ejus
556 4152 785 4214 perpendiculariter,
818 4162 888 4200 tatem
900 4151 965 4199 fluidi
976 4153 1000 4198 iu
1012 4153 1110 4215 syzygiis
1126 4163 1149 4200 et
1165 4153 1286 4201 minimam
1305 4155 1329 4199 in
1347 4155 1446 4216 quadra·

152 4238 207 4269 tum
217 4221 289 4282 plano
300 4220 341 4266 illo
351 4223 447 4278 sinuatis
458 4221 631 4266 revolutionibus
640 4219 784 4273 orciltobitur,
818 4217 883 4263 turis.

152 4288 196 4333 hoc
207 4297 250 4341 est,
262 4284 399 4344 adplenum
414 4285 433 4328 t:
448 4283 499 4329 ST
515 4284 589 4344 magis
605 4291 630 4327 et
649 4280 730 4327 minus
744 4295 787 4340 per
852 4280 882 4342 (¹)
901 4286 914 4310 ⁸
933 4285 983 4330 Por
993 4291 1024 4328 est
1036 4283 1101 4338 ratio,
1114 4283 1157 4328 dre.
1193 4280 1222 4329 Id
1239 4291 1280 4336 est,
1298 4281 1392 4330 exclusi
1407 4300 1446 4332 ac·

152 4352 213 4397 vices
231 4349 381 4396 inclinabitur
401 4348 468 4408 (Cor.
490 4347 540 4405 10.)
561 4348 721 4406 completoque,
741 4345 783 4392 &a
819 4343 882 4391 tione
903 4345 1005 4405 corporis
1026 4346 1042 4391 S
1061 4361 1121 4406 aqua
1140 4345 1287 4392 uniformiter
1307 4347 1445 4396 revolvendo

152 4425 229 4462 totum
242 4412 296 4460 vero
310 4411 464 4460 Corollarium
476 4420 539 4470 patet
550 4424 578 4456 ex
593 4408 670 4456 (ἱστοὶ.
682 4413 734 4455 3.5.
749 4413 785 4455 te.
817 4407 905 4455 circum
917 4419 1023 4455 centrum
1040 4409 1103 4470 globi
1122 4409 1159 4455 vel
1178 4409 1325 4456 uniformiter
1343 4412 1400 4458 moti
1419 4413 1445 4459 in

156 4485 189 4527 lt.
207 4484 243 4525 13.
817 4471 931 4519 directum
943 4472 980 4518 vel
991 4473 1100 4520 decursu
1118 4473 1236 4519 rectilineo
1254 4489 1295 4534 per
1314 4473 1385 4522 lineas
1403 4492 1445 4536 pa.

184 4542 221 4606 (¹)
242 4546 254 4569 ·
272 4541 515 4602 Inrysygiirvelocior
526 4540 574 4593 erit,
588 4539 630 4584 &o
667 4536 714 4584 Per
728 4536 781 4584 Cor.
817 4536 908 4583 nilelus
919 4535 1066 4583 uniformiter
1076 4536 1150 4592 tracti,
1163 4536 1255 4583 nullum
1272 4539 1375 4601 acquiret
1393 4556 1444 4587 mo-

155 4613 190 4654 ta.
205 4613 263 4653 etft.
299 4605 361 4651 Nam
374 4603 482 4649 velocitas
498 4602 621 4647 uniformis
638 4601 684 4663 qui
702 4599 786 4662 globus
818 4599 1365 4658 tumfluxusmrefluxirmceedotautem,dc.

152 4672 212 4718 circi
224 4685 293 4716 arma
304 4683 374 4715 suum
386 4666 511 4713 revolvitur
522 4665 604 4712 eodem
621 4674 726 4724 tempora
744 4680 786 4724 po·
851 4664 892 4728 (¹¹¹)
911 4669 923 4694 ⁹
942 4669 996 4713 514.
1018 4667 1142 4713 Viroutem
1159 4667 1182 4712 L
1194 4669 1230 4722 M,
1242 4668 1284 4714 ἃς.
1318 4668 1386 4716 Patet
1403 4683 1444 4728 per

153 4734 299 4798 modicoque
310 4749 362 4794 pars
373 4732 482 4796 qualibet
493 4729 559 4779 fluidi
576 4746 642 4777 suam
659 4727 785 4777 revolutio·
820 4727 899 4778 Corol.
909 4731 931 4778 5.
943 4729 1033 4777 Verum
1042 4730 1203 4779 uttotumhoc
1209 4732 1364 4780 corollarium
1374 4732 1449 4784 19⁸⁰&
