3202 5446
672 472 932 540 PRAEFATIO.
1399 501 1440 542 xv

153 664 283 728 corpora
307 643 472 729 aequaliter
500 643 656 731 gravitat;
689 648 848 734 gravitatis
874 649 959 713 euim
987 647 1142 712 actionem
1157 671 1225 714 esse
1241 655 1389 716 ‘mutuam
1410 667 1442 718 et

152 755 295 840 utrinque
325 753 489 839 aequalem,
513 754 558 818 sic
583 757 766 821 ostenditur.
811 758 1034 847 Distinguatur
1055 773 1148 824 terrae
1168 761 1262 825 totius
1285 762 1383 828 moles
1409 763 1443 826 in

151 863 236 927 binas
263 884 468 948 quascunque
493 875 608 947 partes,
631 864 681 929 vel
701 866 835 952 aequales
859 867 910 932 vel
938 879 1097 955 utcunque
1118 870 1304 956 inaequales:
1323 873 1390 957 jam
1416 873 1443 936 si

151 972 290 1056 pondera
304 972 442 1056 partium
453 994 517 1035 non
530 987 638 1039 essent
652 975 685 1037 in
700 998 733 1039 se
747 975 857 1040 mutud
872 977 1022 1064 aequalia3
1045 980 1170 1045 eederet
1190 982 1321 1066 pondus·
1338 983 1443 1046 minus
1527 983 1529 986 ⁴

151 1082 268 1166 majori,
280 1094 439 1166 etpartes
454 1082 630 1166 conjunctae
644 1099 811 1170 pergerent
830 1083 914 1148 recti
941 1087 1060 1150 moveri
1085 1086 1125 1151 ad
1151 1087 1319 1166 infinitum,
1336 1111 1441 1154 versus

151 1193 273 1280 plagam
287 1194 321 1257 in
336 1215 432 1279 quam
446 1190 548 1256 tendit
562 1192 686 1276 pondus
700 1195 817 1278 majus:
841 1194 971 1258 omninb
985 1208 1095 1260 contra
1105 1197 1340 1281 experientiam.
1379 1199 1443 1262 lta-

152 1325 208 1387 que
223 1300 394 1365 dicendum
409 1300 478 1377 erit,
501 1300 642 1384 pondera
662 1301 800 1385 partium
828 1303 861 1365 in
887 1302 1062 1388 aequilibrio
1083 1325 1151 1368 esse
1173 1305 1359 1369 constituta:
1382 1305 1443 1369 hoc

153 1426 206 1489 ast,
230 1414 395 1498 gravitatis
409 1413 565 1477 actionem
579 1434 646 1476 esse
660 1424 800 1476 mutuam
815 1425 848 1475 et
861 1413 1007 1498 utrinque
1028 1412 1191 1499 aequalem.

195 1522 342 1586 Pondere
356 1544 536 1606 corpomm,
559 1522 720 1608 aequaliter
735 1544 754 1584 a
769 1534 877 1586 centro
892 1533 985 1585 terrae
999 1521 1190 1600 distantium,
1207 1535 1281 1587 sunt
1295 1535 1330 1588 ut
1344 1546 1444 1609 quan-

153 1630 250 1693 titates
265 1631 404 1694 materiae
419 1632 453 1694 in
467 1631 661 1716 emporibus.
709 1630 784 1694 Hoc
810 1630 916 1715 utique
931 1628 1088 1716 colligitur
1102 1651 1143 1694 ex
1157 1631 1271 1716 aequali
1290 1632 1443 1696 accelera-

153 1741 238 1802 tione·
249 1762 417 1824 corporum
433 1741 582 1818 omnium,
606 1763 625 1805 e
648 1739 752 1826 quiete
775 1759 833 1823 per
848 1736 1023 1820 ponderum
1046 1739 1127 1801 vires
1150 1738 1347 1803 cadentium:
1369 1761 1444 1803 nam

155 1848 234 1910 vires
249 1848 359 1934 quibus
381 1848 548 1934 inaequalia
562 1870 696 1933 corpora
717 1846 878 1933 aequaliter
901 1843 1123 1920 accelerantur,
1147 1844 1264 1908 debent
1288 1868 1356 1910 esse
1369 1858 1444 1932 pro·

156 1955 340 2038 portionales
354 1956 579 2043 quantitatibus
594 1955 734 2021 materiae
755 1951 929 2017 movendae.
973 1952 1047 2016 Jam
1061 1949 1137 2015 verb
1152 1973 1286 2035 corpora
1299 1955 1445 2020 universa

159 2062 295 2126 cadentia
308 2064 469 2148 aequaliter
483 2063 662 2140 accelerari,
679 2085 719 2127 ex
734 2085 773 2126 eo
786 2071 883 2147 patet,
898 2058 984 2146 quod
1008 2059 1041 2122 in
1066 2080 1165 2124 vacuo
1188 2058 1343 2144 Boyliano
1365 2075 1445 2126 tem-

158 2171 278 2255 poribus
292 2171 465 2257 aequalibus
478 2170 612 2257 aequalia
626 2170 727 2255 spatia
740 2167 884 2233 cadendo
894 2167 1085 2245 describunt,
1099 2166 1220 2231 sublati
1232 2168 1350 2234 scilicet
1364 2171 1444 2235 airis

156 2280 341 2343 resistentib:
364 2279 540 2344 accuratids
555 2292 660 2343 autem
675 2277 898 2362 comprobatur
916 2298 975 2361 per
989 2276 1205 2360 experimenta
1223 2276 1442 2359 pendulorum.

192 2388 283 2454 Vires
298 2389 471 2453 attractiva
482 2409 661 2474 corporum,
684 2388 717 2451 in
732 2386 904 2473 aequalibus
919 2385 1083 2462 distantiis,
1108 2396 1181 2448 sunt
1207 2397 1242 2448 ut
1255 2386 1444 2471 quantitates

155 2497 286 2561 marenae
300 2497 335 2559 in
350 2496 544 2581 corporibus.
590 2496 674 2561 Nam
688 2493 761 2559 caim
783 2494 963 2581 corpora‘in
978 2508 1094 2560 terram
1117 2509 1149 2561 et
1163 2509 1247 2563 terra
1261 2498 1395 2563 vicissim
1410 2498 1444 2561 in

156 2629 281 2692 corpora
294 2609 461 2672 momentis
484 2607 654 2694 aequalibus
678 2606 852 2694 graviteut3
875 2618 968 2670 terrae
990 2605 1123 2692 >pondus
1138 2606 1171 2670 in
1196 2609 1444 2694 unumquodque

156 2738 272 2802 corpus,
296 2717 414 2782 sauvis
430 2717 620 2803 quicorpus
643 2729 759 2780 terram
782 2715 921 2794 attrahit,
945 2716 1121 2802 aequabitur
1146 2715 1280 2800 ponderi
1304 2716 1445 2802 corporis

156 2829 289 2913 ejusdem
304 2831 337 2893 in
352 2843 479 2894 terram.
526 2828 601 2892 Hoc
615 2839 721 2891 auteur
731 2826 856 2911 pondus
867 2827 938 2890 ’erit
952 2838 988 2891 ut
1001 2825 1157 2912 quantitas
1172 2825 1312 2902 materiae
1326 2827 1360 2889 in
1375 2849 1444 2891 cor-

156 2960 243 3022 pore:
266 2939 372 3027 itaque
383 2940 429 3004 vis
444 2937 506 3026 qui
521 2959 636 3021 corpus
651 2935 898 3021 unumquodque
913 2948 1029 2999 terram
1051 2935 1189 3013 attrahit,
1213 2936 1278 3000 sive
1304 2937 1444 3022 corporis

157 3049 196 3110 vis
207 3049 359 3124 absoluta,
383 3048 443 3111 erit
456 3062 492 3110 ut
507 3044 616 3109 eadem
628 3043 784 3130 quantitas
799 3043 947 3107 materiae.

196 3152 305 3219 Oritur
316 3155 440 3238 ergoet
453 3152 653 3237 componitur
667 3152 713 3214 vis
732 3151 894 3214 attractiva
917 3173 1085 3236 corpomm
1100 3153 1294 3241 integrorum
1315 3178 1357 3219 ex
1371 3156 1445 3219 viri-

158 3261 209 3324 bus
218 3262 388 3325 attractivis
401 3261 557 3345 partium:
581 3256 736 3345 siquidem
760 3255 850 3321 aucti
872 3256 921 3321 vel
945 3258 1097 3324 diminuti
1118 3260 1201 3325 mole
1221 3263 1369 3341 materiae,
1393 3287 1444 3328 os·

159 3385 273 3435 tansum
288 3384 346 3447 est,
368 3368 645 3454 proportionaliter
659 3368 768 3455 augeri
782 3369 832 3431 vel
846 3367 978 3432 diminui
993 3371 1059 3455 ejus
1075 3371 1231 3436 virtutem.
1278 3375 1372 3439 Actio
1386 3374 1444 3438 ita-

159 3504 212 3564 que
225 3482 346 3547 telluris
361 3504 402 3546 ex
424 3480 596 3566 conjunctis
618 3478 756 3564 partium
779 3477 952 3541 actionibus
978 3479 1107 3542 conflari
1129 3482 1285 3546 censenda
1299 3483 1359 3547 erit
1366 3506 1375 3560 ;
1398 3497 1445 3550 at-

159 3614 214 3676 que
227 3591 305 3657 aded
315 3612 449 3675 corpora
462 3589 568 3653 omnia
593 3586 753 3652 terrestria
778 3608 811 3650 se
827 3586 936 3650 mutub
960 3585 1085 3651 trahere
1099 3600 1225 3673 oportet
1236 3621 1238 3624 ’
1249 3591 1366 3656 viribus
1390 3593 1445 3656 ab·

157 3700 269 3778 solutis,
292 3724 364 3788 quae
379 3699 489 3764 sintin
503 3699 624 3761 ratione
639 3695 778 3760 materiae
791 3695 952 3761 trahentis.
999 3695 1083 3759 Haec
1097 3710 1146 3760 est
1159 3711 1272 3764 natura
1284 3700 1444 3787 gravitatu

156 3811 234 3894 apud
257 3823 391 3874 terram:
415 3807 575 3871 videamus
581 3806 648 3890 jam
664 3803 764 3890 qualis
779 3804 819 3867 sit
834 3804 866 3865 in
881 3802 977 3867 ooelis.

194 3920 319 4004 Corpus
331 3939 424 3981 omne
437 3934 638 4001 perseverare
653 3912 686 3974 in
702 3923 783 3975 statu
803 3933 860 3974 suo
875 3909 924 3974 vel
947 3911 1128 3997 quiescendi
1143 3913 1192 3978 vel
1214 3913 1360 3978 movendi
1375 3917 1443 3978 uni-

154 4027 290 4090 formiter
310 4027 344 4088 in
358 4025 522 4099 directum,
549 4020 609 4083 nisi
624 4030 777 4104 quatenus
792 4043 810 4080 a
825 4017 942 4081 viribus
968 4019 1127 4104 impressis
1142 4022 1265 4109 cogitur
1279 4034 1392 4087 statum
1408 4024 1444 4086 il·

155 4135 216 4200 lum
231 4149 370 4210 mutare3
393 4146 513 4196 naturae
527 4130 580 4194 lex
603 4141 651 4193 est
665 4127 705 4191 ab
720 4126 864 4190 omnibus
879 4140 1005 4211 recepta
1025 4128 1229 4214 philosophis.
1274 4132 1354 4197 Inde
1369 4134 1445 4198 verb

154 4246 301 4332 sequitur,
326 4245 459 4327 corpora
472 4263 544 4327 quae
559 4239 591 4302 in
607 4237 709 4302 curvis
724 4247 899 4313 moventur,
923 4250 1016 4322 atque
1033 4237 1113 4303 adad
1127 4239 1167 4304 de
1182 4239 1271 4304 lineis
1286 4242 1379 4306 rectis
1394 4264 1444 4306 or-

155 4356 232 4418 bitae
243 4377 315 4418 suas
330 4351 530 4438 tangentibus
549 4349 669 4435 jugiter
683 4345 809 4423 abeunt,
832 4347 862 4409 vi
886 4346 989 4432 aliqui
1004 4348 1157 4432 perpetui>
1182 4365 1294 4438 agente
1316 4353 1443 4417 retineri

155 4463 185 4524 in
201 4462 310 4524 itinere
324 4457 506 4523 curvilineo.
554 4454 693 4521 Plauetis
717 4454 812 4541 igitur
827 4454 860 4517 in
879 4454 1008 4518 orbibus
1023 4457 1126 4521 curvis
1148 4458 1377 4525 revolventibus
1387 4481 1444 4523 na·

155 4569 287 4634 cessarid
298 4569 400 4633 aderit
415 4567 461 4630 vis
472 4564 583 4651 aliqua,
606 4587 664 4650 per
679 4565 766 4650 cujus
789 4565 926 4631 actiones
948 4567 1094 4650 repetitas
1115 4568 1328 4637 indesinenter
1341 4594 1360 4633 a
1374 4584 1444 4635 tan·

154 4681 298 4771 gentibus
313 4680 529 4746 deflectantur.
