3188 5444
170 547 229 612 708
476 534 816 604 PHILOSOPHIAE
840 533 1115 599 NATURALIS
1173 535 1291 613 [Mor.
1304 534 1443 601 Coteoa.

154 716 316 769 mutabuntur,
332 712 390 759 durn
407 712 432 757 in
446 711 562 770 portiones
574 707 694 753 ulteriores
710 704 780 751 medii
813 703 871 750 tima
882 700 936 750 ve'rd
947 702 1023 762 portio
1029 701 1175 750 celeritatem
1184 706 1392 764 antepenultima,
1400 707 1445 764 lae,

155 778 282 827 celeritates
294 777 371 837 pritno
386 784 484 834 recepta
500 781 664 834 propagantur,
682 769 781 830 ideoque
813 780 893 828 postea
902 766 975 813 altero
986 767 1097 827 temporis
1113 767 1247 814 intervallo
1257 769 1289 814 sd
1300 768 1394 816 alteram
1409 787 1444 817 aa·

155 852 205 890 tota
223 842 350 887 vibratione
368 835 475 886 absoluti
491 850 601 882 numerus
618 833 781 894 particulorum
815 846 868 878 vam
878 831 1009 891 portionem
1020 830 1159 878 ulteriorem
1171 833 1444 896 prtmoetuaupsqa

156 907 296 968 agitatorum
307 903 446 962 dupluserit
456 902 507 962 ejus
518 915 589 961 quem
600 899 625 944 in
636 897 733 945 dimidia
748 897 782 942 vi-
814 896 915 957 gsbitur,
933 904 957 942 et
972 894 1078 943 munda
1093 896 1205 943 celeritas
1216 898 1243 942 in
1256 898 1336 958 primi
1349 899 1444 958 μύω

154 971 260 1017 irratione
271 978 440 1021 numeramus,
452 980 504 1024 pars
515 963 613 1010 dimidia
623 961 733 1009 remotior
747 970 783 1007 est
814 961 868 1005 novi
881 960 946 1005 istius
957 959 1040 1020 pulsus
1087 961 1221 1017 nerabitur,
1239 962 1322 1024 sieque
1332 963 1441 1024 denega:

155 1031 225 1094 plane
235 1031 330 1093 aequalis
340 1030 375 1076 illi
386 1030 415 1077 de
425 1027 473 1090 qud
485 1027 560 1089 primo
575 1038 654 1073 actum
671 1034 740 1072 estet
750 1025 782 1071 si·
815 1023 1049 1086 uovusergopulsus
1070 1027 1207 1072 armabitur
1214 1024 1442 1088 planeaimilaphi

156 1097 242 1143 militer
256 1095 387 1150 constituta,
407 1109 458 1153 pars
474 1092 566 1138 citerior
581 1088 634 1138 verti
650 1089 781 1152 negativam
814 1088 932 1150 aqualiter
943 1097 1060 1145 extensis,
1072 1089 1161 1152 aequali
1173 1090 1300 1136 celeritate
1355 1091 1442 1156 sigali

155 1161 296 1208 celeritatem
313 1159 426 1205 obtinebit
436 1167 460 1203 et
470 1155 642 1212 dilatationem
659 1154 710 1216 ejus
725 1152 781 1199 cite-
813 1152 917 1213 partibus
932 1151 1033 1199 denaus
1046 1153 1153 1278 Ξοωοιι
1165 1163 1195 1200 ut
1205 1153 1261 1200 dixi
1273 1154 1440 1204 oonddatan‘aaa

156 1225 224 1271 rioris
239 1224 310 1282 partis
325 1222 401 1282 portio
417 1219 569 1270 remotissima
579 1234 593 1265 a
604 1216 662 1265 nura
677 1217 780 1277 primurn
814 1217 915 1276 partium
925 1221 1045 1278 circumqu
1078 1232 1109 1263 ue
1120 1219 1261 1276 positarum
1273 1223 1437 1280 nmquam.

156 1288 279 1335 celeritatis
289 1287 353 1333 libra
364 1284 516 1346 regredientis
531 1282 631 1345 gradum
642 1282 741 1338 habebit,
757 1291 782 1329 et
813 1279 916 1328 darando
931 1281 996 1343 qussi
1012 1280 1043 1328 de
1058 1281 1207 1341 partibusin
1219 1281 1356 1331 linones*
1368 1284 1436 1344 pu‘i

157 1352 232 1411 portio
243 1351 307 1397 librae
318 1349 423 1409 proxima
434 1348 545 1394 ultimum
556 1347 669 1409 (quietem
676 1345 780 1406 nempe),
814 1344 884 1391 unice
937 1344 1019 1400 retur).

156 1415 234 1462 media
244 1414 320 1474 portio
330 1412 442 1468 medium,
454 1413 500 1458 hoc
510 1421 545 1457 est
555 1409 683 1457 retrocedet
693 1408 721 1456 ed
732 1410 781 1470 ipsi
846 1414 885 1456 26.
893 1361 958 1469 ⁸lepse
969 1421 1049 1455 autem
1059 1409 1154 1470 primus
1165 1409 1257 1471 pulsus
1267 1411 1359 1471 pentae
1369 1412 1433 1473 qaia.

156 1478 273 1526 celeritate
283 1475 332 1539 qui
342 1476 447 1522 medium
464 1475 577 1522 ulterioris
592 1475 664 1535 partis
678 1473 783 1533 procedit
813 1472 845 1519 cit
855 1473 949 1535 quando
969 1474 994 1518 in
1009 1473 1143 1520 secundum
1155 1484 1226 1521 totus
1243 1474 1336 1522 trmsir't
1350 1476 1368 1522 ι’
1381 1477 1435 1524 calb

156 1551 181 1589 et
195 1540 341 1589 dilatationes
351 1540 398 1585 illis
408 1539 563 1586 celeritatibus
578 1539 691 1601 negativis
706 1552 780 1585 corre-
814 1551 875 1584 nova
895 1535 986 1583 chorda
1004 1536 1101 1598 agitatio
1121 1537 1249 1593 succedat,
1274 1554 1330 1586 nam
1349 1540 1436 1588 eslflina

156 1604 311 1666 spondebunt.
334 1601 434 1665 idedque
451 1604 475 1649 in
493 1601 570 1651 medio
586 1603 650 1649 illius
671 1601 782 1662 prosim
813 1601 926 1660 portionis
941 1600 1022 1660 pulsus
1038 1615 1091 1662 quta
1108 1600 1176 1647 librae
1195 1603 1437 1661 proximestsaeets·

156 1668 269 1728 portionis
285 1668 388 1714 maxima
403 1668 447 1713 erit
464 1667 567 1714 diiambo
584 1675 650 1713 utet
666 1665 782 1713 maximus
813 1663 861 1712 sive
880 1664 909 1711 ed
926 1674 1047 1726 sequentes
1065 1665 1191 1723 portiones
1208 1668 1297 1714 aanor
1312 1667 1437 1715 domneva

156 1747 282 1794 regmsuffi
813 1729 894 1788 pulsus
905 1729 1025 1784 t‘orrnatur,
1036 1727 1438 1792 sedeetaimejuspaumaffis

189 1799 309 1844 secundm
318 1800 397 1844 Casus.
419 1792 617 1857 Quodsisingula
626 1793 779 1853 tempuscula,
813 1792 925 1852 proxima
936 1803 970 1839 est
980 1792 1064 1839 ultima
1079 1791 1147 1839 fibras
1167 1793 1283 1841 celeritas
1298 1811 1351 1858 qua
1366 1796 1389 1842 in
1402 1797 1438 1842 ia't

157 1861 243 1922 quibus
253 1859 391 1906 durantibus
401 1859 508 1906 velocitas
525 1858 588 1904 libne
605 1858 726 1904 uniformis
737 1858 781 1904 lin-
813 1860 868 1918 hyp.
888 1855 1009 1918 est'quies
1029 1854 1071 1902 sed
1086 1857 1130 1904 ubi
1148 1857 1239 1916 pukus
1258 1859 1374 1906 semdae
1386 1870 1439 1906 toas

156 1923 227 1986 gitur,
245 1923 343 1985 aqualia
359 1938 406 1970 non
421 1925 475 1976 sint.
492 1921 574 1969 eidem
590 1922 679 1969 ratione
694 1922 781 1968 intelli·
813 1919 926 1966 formatus
936 1931 978 1976 est,
990 1920 1096 1967 celeritas
1108 1920 1439 1985 portionispulsaatpafiln

156 1998 242 2050 geritur
255 1984 351 2036 effeetus
362 1987 426 2035 libne
437 1989 461 2032 in
472 1996 548 2047 partes
563 1985 643 2042 medii,
660 1985 703 2032 nisi
719 1988 782 2048 quod
813 1986 917 2044 proxima
928 1995 976 2031 eret
986 1984 1015 2031 ad
1026 1982 1122 2030 initium
1134 1985 1241 2032 secundi
1250 1987 1439 2046 pulsuseanms

156 2053 274 2111 portiones
284 2051 355 2098 medii
366 2068 419 2114 qua
429 2050 527 2114 singulis
536 2049 668 2098 successivis
676 2049 782 2096 velociter·
814 2048 861 2095 lata
870 2059 895 2095 et
904 2063 946 2108 per
955 2064 1037 2095 omnes
1048 2059 1127 2108 partes
1138 2048 1230 2109 pulsus
1246 2050 1317 2110 primi
1327 2050 1441 2099 uam-'vi

156 2115 187 2161 tis
197 2115 309 2177 gradibus
324 2116 429 2179 gaudent
441 2131 487 2160 non
498 2115 545 2160 sint
555 2114 662 2176 aequales,
673 2113 714 2160 sed
731 2115 783 2177 (per
814 2112 911 2169 transiit,
928 2111 1026 2175 ideoque
1042 2113 1066 2158 in
1083 2112 1167 2175 quiete
1178 2129 1223 2160 eas
1240 2115 1361 2162 constituit
1370 2115 1440 2178 inqrd

157 2188 208 2225 not.
224 2180 275 2239 te.)
292 2179 340 2226 sint
355 2179 415 2226 sicut
430 2189 535 2239 tempora
550 2179 636 2240 quibus
647 2177 783 2225 durantibus
814 2190 990 2236 permanserunt
1005 2177 1073 2224 nulli
1082 2177 1235 2224 succedente
1246 2178 1310 2225 nova
1318 2179 1438 2240 ψύαι.

157 2242 257 2305 singulas
267 2242 314 2290 illae
324 2243 454 2290 velocitates
465 2244 489 2288 in
502 2243 559 2290 fibri
570 2253 751 2303 permanserunt.
848 2246 885 2287 27.
903 2239 974 2296 Qudd
986 2240 1004 2287 si
1015 2240 1102 2288 chorda
1114 2243 1439 2298 novamubrao'ooemfao'st,

194 2311 284 2355 Tertius
295 2311 373 2356 Casus.
394 2307 509 2362 Quemvis
515 2318 595 2354 autern
604 2305 667 2352 libra
676 2306 782 2352 velocitas
815 2314 840 2351 ut
852 2305 935 2361 evenit,
947 2306 1081 2352 resumetur
1092 2306 1188 2364 primus
1198 2307 1287 2365 pulsus
1294 2307 1439 2369 nqual'apra

157 2371 224 2417 nullo
234 2372 381 2431 tempusoulu
391 2371 514 2418 uniformis
520 2380 613 2418 maneat
620 2370 660 2416 sed
670 2370 782 2416 oontinuo
813 2369 903 2416 cedenti
910 2369 1084 2432 qualiscumque
1096 2368 1127 2416 sit
1135 2371 1191 2430 ejus
1199 2371 1339 2418 vibratiorria
1346 2371 1439 2418 velvm'n

157 2434 304 2490 acceleretur,
327 2434 409 2480 eodem
428 2445 507 2480 tamen
526 2433 596 2480 modo
615 2433 672 2480 libra
687 2444 741 2496 aget
756 2434 781 2480 in
814 2432 914 2490 initialis,
927 2448 982 2479 nam
992 2433 1112 2480 dividatur
1122 2433 1201 2480 totius
1209 2434 1440 2498 vibrationisanm

156 2498 301 2559 medium-ec
311 2498 329 2543 ai
341 2496 420 2544 reveri
430 2498 538 2543 velocitas
548 2498 599 2560 ejus
614 2509 725 2544 cresceret
740 2513 782 2559 per
813 2505 905 2558 tempus
920 2497 945 2543 in
961 2497 1060 2544 totidem
1075 2507 1157 2558 partes
1179 2498 1290 2560 equata
1306 2499 1405 2559 purae
1417 2503 1439 2546 ἰ

156 2561 277 2608 intervalla
287 2561 404 2620 temporis,
416 2560 779 2623 etdurantetempusculoqusm
812 2576 870 2622 quas
885 2573 976 2621 tempus
992 2561 1073 2621 prime
1090 2560 1237 2608 vibrationis
1252 2562 1356 2610 divim
1365 2563 1438 2618 ianm,

156 2625 255 2672 minimo
272 2625 323 2687 (sed
340 2624 417 2698 linito)
434 2624 558 2698 unilonnis
577 2635 693 2698 maneam
710 2624 781 2688 idque
812 2625 875 2699 quod
886 2625 935 2672 lieri
947 2635 1023 2686 potest
1032 2639 1088 2699 cunt
1097 2625 1306 2674 vibrationesn'nt
1315 2627 1437 2682 homan,

155 2687 780 2816 1111111111ῑὲ“;.1“ΐὲ.11111”.1;1;
812 2699 956 2812 m*
966 2689 1438 2814 demuma:

157 2831 211 2863 nam
223 2831 264 2876 per
275 2827 341 2863 notas
349 2821 371 2862 s.
380 2826 405 2863 et
412 2821 434 2864 5.
450 2818 530 2863 nullus
539 2827 616 2862 motus
622 2831 650 2862 er
658 2828 746 2877 puncto
756 2822 778 2864 Λ
812 2828 890 2864 autem
901 2827 1004 2877 tempore
1013 2831 1130 2864 numerus
1141 2817 1320 2877 partimlsrum
1334 2833 1437 2880 conmes-

155 2880 181 2927 in
196 2890 311 2940 punctum
327 2881 454 2927 Btrensire
465 2893 546 2939 potest,
563 2879 608 2926 nisi
624 2891 737 2941 punctum
756 2882 778 2927 Α
811 2895 890 2927 samm
900 2891 1034 2941 estsemper
1044 2880 1109 2928 idem
1126 2880 1436 2945 qualiscumques‘avehei·

155 2946 291 3006 processerit
314 2942 381 2991 liniri
404 2944 618 3007 quantulicumque
644 2947 777 3006 quantitate,
811 2954 847 2990 tus
864 2948 898 3008 (n.
920 2952 956 2994 19.
971 2945 1089 3006 hujusce).
1128 2944 1202 3008 Ergo
1221 2946 1342 3009 siquidem
1356 2948 1436 3009 migma

154 3006 263 3071 idedque‚
280 3009 324 3054 nisi
336 3008 393 3056 libra
403 3024 456 3069 qua
473 3020 540 3071 urget
556 3019 669 3069 punctum
684 3013 703 3054 A
716 3010 777 3055 velo.
809 3008 904 3055 instanti
915 3011 970 3055 dato
979 3008 1077 3056 totidem
1088 3019 1169 3069 partes
1179 3013 1381 3070 cumprimum,
1390 3010 1436 3056 ω’·

155 3074 247 3119 citatem
259 3073 348 3118 linitam
360 3072 386 3118 in
396 3089 424 3118 eo
434 3071 578 3134 generaverit
595 3076 632 3133 (ut
643 3072 688 3119 fert
703 3075 776 3134 hypo-
809 3073 909 3134 demque
920 3084 974 3120 sunt
984 3072 1095 3119 instantia
1111 3072 1170 3119 data
1181 3073 1209 3119 in
1221 3077 1390 3122 abromum
1398 3077 1434 3121 'aa

154 3138 226 3182 tlresis
239 3136 392 3182 Problematis
401 3147 447 3182 not.
456 3137 509 3197 9.);
522 3136 776 3198 periratiociniopunc.
809 3137 909 3191 alnonis,
925 3137 1007 3197 pulsus
1017 3136 1048 3183 ad
1058 3136 1160 3183 totidem
1178 3139 1312 3197 partiendas
1327 3140 1352 3185 in
1365 3139 1435 3202 mesa

154 3209 206 3246 taam
219 3200 241 3246 B
252 3214 301 3245 non
312 3202 394 3246 sentiet
405 3201 546 3246 incrementa
558 3201 682 3246 velocitatis
697 3203 776 3260 puncti
810 3202 937 3247 vibratione
947 3199 1068 3248 isochrond
1078 3201 1234 3248 extendenrr.

156 3266 188 3320 A,
201 3264 244 3309 nisi
256 3273 377 3323 postquam
389 3264 557 3310 incrementum
568 3264 661 3310 finitum
668 3266 775 3312 velocita·
841 3270 879 3311 98.
911 3266 936 3312 Si
957 3281 998 3326 per
1018 3264 1169 3312 velocitatem
1193 3265 1281 3326 pulstb
1303 3268 1433 3330 insurgas

154 3329 184 3374 tis
194 3328 219 3373 in
230 3343 258 3374 eo
274 3328 381 3389 genitum
391 3327 463 3373 fuerit
480 3331 539 3389 (not.
553 3332 575 3375 5.
589 3339 613 3374 et
624 3329 673 3389 20).
709 3330 777 3392 Ergo
808 3330 875 3437 ficum
889 3330 1014 3389 Newtono)
1026 3328 1180 3376 dimotiaad
1191 3346 1267 3391 quam
1278 3334 1433 3392 pulsnsestsrt·

154 3391 212 3439 fibra
227 3391 311 3453 agitio
322 3390 427 3436 medium
443 3393 508 3452 qussi
524 3392 616 3455 singulo
632 3395 777 3452 tempusculo
825 3392 871 3439 itur
881 3393 952 3440 divisa
962 3409 1003 3453 per
1014 3404 1108 3451 tempus
1117 3408 1168 3454 quo
1180 3395 1268 3454 pulsus
1284 3396 1315 3442 sd
1330 3411 1381 3443 eam
1393 3397 1431 3442 aa

155 3456 250 3520 (aquali
269 3455 305 3501 vel
321 3455 441 3516 inaequali)
460 3457 511 3517 ejus
528 3459 635 3503 velocitas
654 3457 777 3504 uniformis
808 3458 905 3503 mutiam
922 3459 1032 3519 pervenit,
1051 3457 1106 3503 dico
1125 3458 1214 3516 polam
1230 3459 1257 3505 in
1273 3459 1432 3507 monade

154 3521 302 3579 perstitisset,
319 3518 457 3580 intelligitur
472 3534 528 3581 ergo
539 3523 635 3567 aflectus
646 3521 777 3568 vibrationis
807 3535 856 3566 esse
877 3537 957 3567 omnes
978 3521 1131 3583 equiveloces
1151 3537 1316 3586 quacumque
1334 3527 1363 3570 sit
1378 3525 1431 3571 aba

153 3584 218 3630 flbrte
228 3584 253 3630 in
265 3585 340 3629 adrem
352 3598 393 3643 per
403 3583 504 3642 primurn
516 3593 539 3630 et
551 3584 678 3632 secundam
693 3599 775 3632 casum
808 3585 903 3643 pulsum
914 3585 1062 3646 producentis
1072 3585 1189 3633 vibratio:
1214 3586 1240 3634 id
1256 3588 1308 3650 jam
1325 3588 1393 3650 bqrret
1406 3588 1430 3633 ὼ

153 3648 250 3710 hujusce
261 3646 468 3693 demonstrationis
504 3649 535 3702 Q.
547 3665 567 3695 e.
582 3650 597 3694 i·
808 3649 973 3696 vibrationibus
984 3649 1112 3695 isocbronis
1122 3648 1147 3694 in
1160 3651 1253 3712 quibus
1261 3652 1430 3714 tempoteunim

185 3718 223 3758 ⁶25.
251 3711 340 3757 Totum
359 3720 436 3758 autem
453 3712 552 3772 spatium
572 3713 639 3774 cujus
658 3713 776 3772 particulae
807 3711 939 3759 vibrationis
950 3713 979 3759 ad
991 3713 1088 3759 totidem
1099 3723 1180 3773 partes
1192 3715 1280 3775 pulsus
1291 3728 1428 3779 propagatur,

153 3785 275 3821 commota
291 3775 388 3823 suerunt
406 3777 505 3822 durante
520 3777 612 3838 integris
622 3777 685 3823 libra
701 3778 773 3824 vibra.
807 3774 906 3838 ideoque
916 3777 1004 3839 aequale
1014 3778 1117 3837 spatium
1129 3779 1219 3840 equali
1231 3791 1338 3841 tmpore
1348 3794 1427 3841 pacat·

152 3840 239 3887 tiones
252 3839 367 3887 Netvtouo
379 3840 460 3900 pulsus
471 3851 571 3897 vocatur,
584 3844 636 3887 etsi
648 3843 774 3888 vibratione
806 3841 843 3897 rit,
855 3851 933 3901 postea
943 3840 1067 3888 veroidem
1078 3841 1164 3901 pulsus
1172 3843 1285 3890 similiter
1292 3857 1428 3908 propagata,

152 3904 258 3950 absoluti
268 3904 325 3950 fibra
336 3905 469 3966 quiesceret,
482 3920 572 3964 semper
583 3906 680 3951 ulterius
690 3921 771 3966 propa·
805 3906 845 3951 sed
861 3905 886 3951 id
902 3906 985 3966 pariter
1001 3920 1082 3952 verum
1094 3917 1130 3951 est
1140 3904 1172 3951 de
1184 3908 1356 3956 rsbtstiornbos
1365 3920 1427 3955 etate·

151 3979 246 4029 geretur
256 3969 296 4015 ille
306 3970 401 4027 pulsus3
419 3983 474 4014 nam
490 3979 552 4014 totus
569 3969 608 4015 ille
618 3971 699 4029 pulsus
711 3974 771 4032 (rno-
804 3970 910 4027 chronis;
922 3969 1055 4016 dividantur
1065 3969 1131 4015 enim
1141 3970 1274 4033 tunqualia
1285 3973 1427 4020 rilindem

152 4042 232 4078 mento
242 4047 289 4092 quo
297 4034 423 4079 absolvitur
433 4033 540 4093 vibratio)
558 4032 645 4079 divisus
655 4034 772 4096 intelligo·
804 4044 908 4093 tempors
919 4035 943 4080 in
954 4031 1051 4080 totidem
1067 4035 1182 4095 utrinque
1202 4037 1354 4097 tempuscula
1367 4036 1425 4083 arivi-

151 4105 190 4141 tur
201 4096 226 4140 in
237 4096 354 4156 portiones
364 4096 461 4143 totidem
469 4106 526 4157 quot
534 4098 642 4156 temporis
653 4099 772 4144 intervalla
804 4113 844 4143 ma
853 4113 906 4158 qua
917 4097 972 4144 totis
980 4099 1125 4157 temporibus
1134 4098 1185 4145 sint
1194 4101 1383 4160 proporu'oaslia
1390 4115 1425 4146 ι·

151 4159 177 4204 in
188 4159 322 4206 vibrationis
333 4161 455 4208 duratione
465 4161 561 4207 suerunt
577 4173 701 4222 assumpta,
719 4178 772 4225 qua
804 4177 882 4208 merus
898 4162 998 4222 partium
1008 4176 1199 4220 eomprenrum
1217 4166 1322 4227 singulis
1336 4177 1425 4225 anpu-

151 4225 262 4283 temporis
277 4224 397 4270 intervalla
412 4225 527 4272 facilitatis
537 4241 593 4288 ergo
604 4226 702 4286 aqualia
717 4242 771 4287 sup-
804 4227 862 4273 culis
869 4226 962 4272 diversis
970 4237 1025 4271 sunt
1033 4225 1247 4286 illistempuseulis
1258 4229 1426 4290 propassio&

150 4296 274 4346 ponantur,
292 4287 386 4350 singula
398 4290 473 4346 portio
484 4289 554 4336 medii
566 4304 617 4336 eam
628 4291 772 4338 velocitatem
806 4293 839 4351 (n.
857 4297 892 4338 19.
903 4292 1010 4351 bujusoe)
1022 4287 1125 4352 ideoque
1137 4292 1196 4337 totis
1207 4293 1367 4342 vilantiam
1377 4305 1424 4340 a}

150 4350 244 4397 habebit
254 4367 324 4413 quam
336 4353 417 4399 habuit
428 4353 513 4400 chorda
521 4355 544 4399 in
554 4365 672 4400 momento
683 4357 725 4414 ipsi
737 4371 771 4400 re-
805 4355 899 4414 poribus
908 4353 1098 4414 proportionata,
1111 4354 1152 4402 aad
1164 4356 1191 4402 in
1203 4356 1303 4420 singoli
1314 4357 1424 4408 visuh

150 4413 280 4472 spondenti,
293 4417 377 4464 ultima
387 4418 463 4477 portio
474 4419 680 4465 siveremotissima
690 4436 704 4465 a
715 4420 771 4466 libra
804 4419 901 4464 totidem
917 4419 1063 4477 tempuscula
1078 4431 1205 4479 asumpta
1219 4432 1286 4479 mot
1304 4439 1360 4486 argo
1372 4430 1423 4469 tu

149 4479 772 4543 eambabebitceleritatemquamlibrahabueratprimo
804 4497 916 4529 numerus
934 4483 1106 4543 partiumque
1122 4483 1251 4545 singulum
1269 4488 1364 4547 pulum
1378 4499 1423 4532 eoa·

149 4540 251 4595 instanti,
269 4544 398 4602 penultima
408 4546 693 4604 portioeamceleritatem
705 4549 773 4594 habet
804 4548 905 4594 stituunt
920 4556 955 4593 est
971 4547 1152 4606 proportionalis
1171 4554 1276 4610 tempmi
1296 4550 1420 4598 ribrstiu

148 4619 220 4665 quam
229 4606 285 4652 libra
294 4608 592 4667 babuitsecundoinstanti,
603 4612 645 4657 dvc.
656 4629 663 4668 ;
675 4627 772 4674 aequen-
807 4612 852 4659 Sed
863 4611 970 4658 uma·
986 4610 1016 4657 ad
1031 4625 1106 4672 quam
1117 4617 1229 4671 pervenit
1240 4615 1324 4674 palata
1333 4626 1366 4663 ea
1374 4628 1424 4660 su·

149 4669 166 4715 ti
178 4668 233 4716 verti
244 4673 390 4729 tempusculo
406 4673 489 4721 ultima
504 4677 581 4734 portio
596 4675 771 4735 pulsusadno-
802 4692 845 4738 per
860 4690 958 4722 numero
979 4675 1082 4735 partium
1104 4678 1299 4736 proportionalis·
1335 4679 1425 4740 laets-

148 4748 201 4779 vam
212 4734 342 4794 portionem
353 4736 395 4783 sibi
403 4739 517 4798 aqualem
527 4752 551 4786 et
562 4739 694 4786 ulteriorem
705 4755 782 4787 suam-
803 4740 913 4788 manus
928 4739 959 4786 sd
976 4754 1048 4802 quam
1065 4742 1176 4799 pameait
1192 4743 1279 4802 pulsos
1294 4756 1329 4791 ea
1339 4740 1424 4803 mul

148 4797 294 4845 velocitatem
312 4803 448 4862 propagabit
470 4805 553 4866 (nujus
571 4804 622 4864 21.)
643 4804 700 4850 dum
723 4805 773 4864 ipsa
803 4803 1130 4864 ributionisproportionalis,
1139 4806 1182 4851 aed
1195 4807 1426 4869 vdodtnpnbmut

147 4862 257 4923 suscipiet
265 4862 401 4923 munitium
408 4868 520 4924 portionis
528 4869 676 4925 celeritatem,
688 4869 773 4930 penul·
803 4869 949 4918 daantiaad
959 4882 1030 4929 quam
1042 4870 1152 4928 perarsit
1158 4869 1426 4933 divaapsrtempasqw
