3202 5446
99 496 214 560 Lmen
227 498 390 575 Saeuum]
424 496 666 561 PRINCIPIA
686 498 1061 565 ΜΑΤΗΕΜΑΤΙΟΑ.
1316 508 1373 572 691

98 669 224 747 canalis,
241 670 293 732 hic
304 692 369 732 non
383 671 559 734 considero.
583 671 761 758 Designent
775 673 871 758 igitur
881 676 911 736 A
923 673 961 749 B,
976 675 1004 738 C
1014 675 1048 738 D
1058 675 1245 738 mediocrem
1255 677 1391 739 altitudi-

98 795 171 842 nem
181 800 272 863 aquae
281 779 314 841 in
325 800 416 841 crure
427 791 578 863 utroque;
595 790 626 841 ct
642 778 696 842 ubi
711 801 792 864 aqua
805 780 837 841 in
849 802 939 843 crure
957 780 989 844 K
1002 781 1031 844 L
1046 781 1185 845 ascendit
1199 782 1240 844 ad
1255 783 1391 846 altitudi-

97 906 171 948 nem
183 885 257 961 EF,
267 884 464 948 descenderit
475 908 556 970 aqua
566 886 599 947 in
610 907 702 950 crure
716 885 754 950 M
767 887 798 950 N
807 886 847 949 ad
856 887 1053 951 altitudinem
1066 889 1097 953 G
1111 889 1156 952 H.
1190 890 1237 954 Sit
1248 903 1352 953 autem
1363 892 1390 955 P

96 1014 209 1077 corpus
224 993 408 1077 pendulum,
425 993 457 1055 V
471 994 497 1056 P
511 993 609 1069 filum,
632 993 664 1055 V
678 1006 830 1077 punctum
846 996 1069 1077 suspensionis,
1095 996 1125 1059 R
1143 996 1170 1059 P
1186 996 1218 1071 Q
1235 998 1258 1062 S
1274 997 1389 1082 cyclois

95 1122 190 1185 quarn
203 1100 375 1183 pendulum
391 1099 556 1178 describat,
577 1100 604 1163 P
619 1101 684 1185 ejus
700 1113 850 1184 punctum
865 1101 1019 1180 infimum,
1040 1104 1066 1166 P
1081 1103 1114 1178 Q
1128 1125 1219 1168 arcus
1233 1104 1390 1168 altitudini

95 1210 126 1272 A
144 1209 172 1273 Ε
187 1209 325 1295 aequalis.
370 1208 438 1285 Vis,
461 1207 522 1294 qud
538 1221 641 1271 motus
656 1229 746 1293 aquae
760 1208 889 1272 alternis
906 1209 1024 1273 vicibus
1039 1211 1232 1275 acceleratur
1246 1226 1276 1275 et
1291 1225 1389 1276 retar-

93 1317 195 1395 datur,
219 1330 267 1380 est
282 1337 427 1380 excessus
442 1315 591 1399 ponderis
606 1337 696 1401 aquae
711 1315 743 1378 in
759 1316 909 1380 alterutro
925 1338 1015 1380 crure
1030 1298 1126 1400 supra
1141 1319 1265 1400 pondus
1287 1320 1320 1381 in
1342 1319 1388 1382 al-

91 1444 170 1506 tero,
187 1429 331 1515 ideoque,
356 1427 410 1491 ubi
424 1450 505 1514 aqua
519 1429 552 1490 in
568 1450 659 1492 crure
676 1426 708 1489 K
724 1427 754 1492 L
768 1427 908 1491 ascendit
923 1427 964 1490 ad
982 1427 1010 1491 E
1028 1428 1064 1506 F,
1088 1441 1120 1492 et
1135 1429 1167 1513 in
1184 1452 1275 1494 crure
1290 1430 1388 1494 altero

479 1658 517 1712 V
917 1649 929 1668 ⁷
1178 1651 1212 1708 M

899 1736 941 1778 ο
1175 1743 1216 1784 ο

863 1798 975 1854 EF

861 1897 977 1956 AB
1138 1908 1256 1968 οι)

815 2048 842 2109 g
1137 2033 1258 2091 GH

477 2475 599 2531 PG*
878 2482 997 2540 L,

86 2660 247 2725 descendit
260 2661 301 2724 ad
317 2661 350 2726 G
367 2661 414 2737 H,
440 2661 473 2746 (¹)
490 2663 535 2726 vis
550 2662 604 2725 illa
619 2674 665 2726 est
680 2651 804 2746 pondus
827 2662 1018 2746 duplicatum
1042 2685 1131 2748 aquae
1149 2665 1178 2727 E
1196 2665 1224 2727 A
1244 2664 1271 2727 Β
1290 2664 1326 2740 F,
1351 2676 1384 2726 et

85 2783 250 2855 propterea
264 2783 312 2834 est
326 2770 366 2833 ad
381 2771 505 2855 pondus
521 2794 612 2858 aquae
627 2773 721 2836 totius
737 2785 771 2836 ut
786 2773 819 2836 A
831 2771 859 2835 E
874 2795 929 2835 seu
946 2773 1015 2848 PQ
1032 2772 1070 2856 (¹)
1087 2774 1127 2836 ad
1143 2775 1173 2837 V
1187 2774 1213 2837 P
1229 2796 1284 2836 seu
1297 2773 1324 2836 P
1342 2773 1383 2836 R.

85 2880 142 2944 Vis
165 2883 267 2959 etiam,
293 2881 355 2966 quir
377 2883 500 2965 pondus
525 2882 607 2946 Pin
630 2882 700 2945 loco
722 2883 831 2967 quovis
848 2882 880 2957 Q
895 2882 1086 2945 acceleratur
1101 2896 1133 2945 et
1148 2881 1328 2945 retardatur
1350 2882 1384 2943 in

84 2987 225 3074 cycloide
242 2992 312 3071 (per
329 2987 439 3050 Corol.
457 2988 553 3070 Prop.
570 2987 641 3068 LI.)
657 2987 760 3051 estad
776 2989 842 3071 ejus
857 2987 981 3071 pondus
996 2999 1108 3065 totum,
1132 3000 1167 3052 ut
1182 2989 1248 3072 ejus
1264 2987 1384 3053 distan-

82 3095 127 3160 tia
144 3094 170 3157 P
187 3095 219 3170 Q
234 3117 252 3157 a
267 3093 338 3156 loco
353 3092 462 3157 infimo
479 3093 516 3171 P,
533 3094 573 3157 ad
588 3093 739 3179 cycloidis
752 3093 979 3186 longitudinem
997 3095 1025 3158 P
1042 3095 1081 3158 R.
1129 3095 1236 3170 Quare
1248 3117 1338 3181 aquae
1350 3108 1383 3159 et

83 3204 226 3289 panduli,
251 3203 383 3289 aequalia
405 3204 505 3287 spatia
520 3205 552 3267 A
568 3203 606 3281 E,
625 3203 653 3267 P
670 3204 702 3279 Q
719 3203 970 3280 describentium,
996 3204 1076 3267 vires
1091 3204 1236 3269 motrices
1252 3219 1325 3268 sunt
1349 3218 1383 3267 ut

82 3315 224 3399 pondera
239 3315 412 3390 movenda3
428 3313 461 3400 (¹)
477 3314 621 3401 ideoque,
638 3316 664 3378 si
679 3338 760 3400 aqua
770 3327 802 3377 et
813 3314 985 3397 pendulum
997 3314 1028 3376 in
1039 3314 1193 3398 principio
1205 3316 1379 3400 quiescunt,

84 3427 166 3491 vires
182 3426 245 3490 illae
260 3425 431 3490 movebunt
451 3425 560 3489 eadem
582 3424 743 3511 aequaliter
765 3423 957 3508 temporibus
979 3423 1160 3509 aequalibus,
1186 3420 1381 3509 efficientque

82 3546 118 3597 ut
133 3546 220 3598 motu
236 3534 399 3617 reciproco
414 3533 506 3597 simul
522 3545 594 3596 eant
608 3544 640 3596 et
654 3520 798 3596 redeunt.¹
840 3531 882 3606 Q.
899 3553 925 3593 e.
942 3530 973 3594 d.

131 3643 230 3705 Corol.
251 3649 277 3702 l.
303 3640 405 3727 Igitur
420 3662 509 3726 aquae
524 3639 720 3704 ascendentis
736 3651 767 3703 et
782 3636 1009 3715 descendentis,
1033 3639 1096 3701 sive
1111 3651 1214 3701 motus
1229 3636 1380 3700 intensior

82 3748 122 3810 sit
136 3747 200 3811 sive
216 3747 384 3824 remissior,
400 3747 483 3810 vices
500 3769 609 3810 omnes
624 3761 697 3811 sunt
711 3745 895 3810 isochronae.

127 3861 226 3923 Corol.
243 3867 273 3921 2.
297 3859 331 3924 si
346 3855 510 3946 longitudo
525 3878 615 3943 aquae
630 3857 726 3921 totius
741 3857 773 3919 in
789 3855 888 3918 canali
903 3856 943 3919 sit
957 3854 1075 3939 pedum
1100 3854 1312 3918 Parisiensum
1327 3856 1378 3936 63.

113 4069 144 4133 (¹)
158 4073 170 4100 ⁸
190 4073 226 4118 Vas
236 4073 276 4118 illa
288 4080 320 4117 est
329 4072 586 4131 pondusduplicatum,
598 4068 641 4114 dic.
673 4067 719 4115 Est
750 4067 809 4115 etin
819 4065 922 4128 cycloide
934 4074 1056 4128 aquantur
1071 4064 1203 4125 respective.
1240 4067 1284 4113 Sed
1301 4069 1379 4114 obser·

81 4134 144 4180 enim
157 4134 191 4181 ris
202 4134 243 4181 illa
253 4133 346 4194 pondus
356 4143 406 4180 tam
416 4149 484 4197 aqua
498 4133 520 4180 E
535 4134 559 4181 A
573 4132 595 4179 B
607 4131 634 4187 1²,
646 4146 718 4194 quam
751 4130 853 4178 randum
864 4141 900 4177 est
908 4130 1052 4191 superficiem
1068 4131 1090 4176 A
1102 4130 1132 4186 Β,
1145 4145 1194 4176 esse
1203 4129 1280 4176 locum
1289 4130 1379 4193 aquili·

84 4212 152 4260 aqua
163 4198 260 4261 aqualis
274 4198 294 4245 C
309 4198 332 4245 G
346 4198 373 4245 H
388 4198 420 4245 D.
750 4195 801 4251 brii,
815 4193 844 4241 sd
855 4210 925 4257 quem
936 4209 991 4242 cum
1002 4209 1062 4256 aqua
1072 4194 1183 4255 parvenit,
1201 4193 1267 4240 nulli
1278 4195 1379 4257 amplius

113 4261 150 4324 (ἕ)
164 4266 177 4292 a
191 4265 231 4308 Ad
248 4265 269 4307 V
279 4265 301 4310 Ρ
311 4278 352 4310 sea
364 4265 388 4309 P
398 4265 430 4309 R.
468 4259 629 4322 Semi-cyclois
646 4259 668 4307 P
682 4260 713 4317 R,
748 4260 771 4305 ri
788 4257 947 4306 acceleratrica
965 4268 1069 4322 urgetur,
1088 4256 1130 4304 sed
1149 4257 1270 4305 velocitate
1284 4269 1377 4306 tantum

80 4325 222 4387 aequalitem
234 4324 376 4388 longitudini
387 4325 494 4386 penduli,
508 4329 560 4390 (per
573 4325 628 4373 Cor.
641 4323 712 4385 Prop.
747 4321 859 4386 acquisiti
875 4323 972 4370 ulterius
987 4321 1107 4369 deseendit
1122 4320 1158 4369 rel
1175 4322 1292 4380 useeudit;
1309 4323 1377 4371 sicuti

81 4388 111 4437 L.
128 4390 180 4436 Lib.
198 4389 241 4448 L).
748 4403 833 4449 corpus
848 4387 978 4447 pendulum
992 4385 1082 4434 Pdum
1097 4387 1201 4446 pervenit
1212 4385 1236 4432 in
1247 4387 1325 4433 locum
1337 4403 1376 4449 cy-

113 4453 143 4518 (1)
156 4459 211 4500 313.
232 4458 245 4482 ⁸
260 4453 366 4516 Ideoque,
378 4455 398 4500 si
408 4470 470 4516 aquo
485 4463 506 4501 et
514 4455 654 4515 pardulum,
671 4453 713 4501 &c
748 4452 829 4500 cloidis
839 4450 948 4498 intimum
961 4451 983 4499 Ρ
998 4449 1047 4498 soli
1063 4449 1183 4498 velocitate
1198 4451 1310 4513 acquisiti
1326 4466 1376 4498 mo·

82 4516 112 4565 ld
130 4517 332 4564 evidentissimum
350 4517 376 4563 ῆι
395 4517 414 4562 ai
432 4516 524 4577 pondus
542 4517 563 4564 P
579 4517 649 4579 quod,
666 4532 716 4563 rna·
748 4526 822 4564 setun
865 4515 936 4565 Undd
956 4530 1004 4578 quo
1027 4525 1131 4576 tempora
1154 4529 1214 4577 aqua
1238 4515 1375 4563 descensum

80 4593 151 4628 neme
167 4580 320 4630 oscillationis
331 4580 403 4628 unius
413 4589 517 4641 tempore
529 4590 604 4642 potest
615 4579 644 4627 sd
654 4580 715 4629 arbi·
750 4596 826 4628 unum
842 4579 940 4628 absolvit
949 4580 974 4626 in
985 4594 1051 4627 crure
1062 4579 1173 4627 alterutro
1182 4580 1275 4636 canalis,
1293 4580 1375 4627 eodem

80 4646 152 4693 trium
175 4644 271 4702 assumi,
294 4645 400 4705 capiatur
420 4645 511 4707 aequale
531 4644 629 4705 ponderi
648 4659 716 4707 aqua
748 4656 851 4705 tempore
865 4644 996 4705 pendulum
1006 4643 1173 4692 oscillationem
1189 4660 1262 4692 unam
1277 4661 1306 4692 ex
1323 4643 1374 4691 des

82 4710 153 4757 totius
164 4711 189 4757 in
201 4710 293 4766 canali3
305 4709 355 4756 tum
368 4709 431 4757 enim
439 4711 498 4756 vires
509 4710 624 4765 matrices,
634 4725 716 4756 massar
748 4725 817 4756 censu
830 4720 853 4756 et
864 4724 959 4756 ascensu
972 4708 1123 4768 compositam
1134 4709 1229 4768 perficit,
1247 4709 1305 4757 duaa
1321 4707 1375 4756 rard

82 4773 210 4832 movenda,
223 4784 247 4822 et
256 4774 329 4835 spatia
340 4773 498 4828 describenda,
510 4772 609 4835 ideoque
619 4783 643 4822 at
654 4784 711 4821 tem·
746 4773 899 4821 oscillationes
915 4772 1011 4819 absolvit
1027 4772 1171 4819 intereadum
1188 4790 1247 4837 aqua
1257 4791 1271 4822 e
1282 4775 1334 4822 loco
1352 4774 1374 4821 E

78 4852 134 4896 pora
152 4839 237 4900 quibus
261 4839 334 4900 spatia
352 4838 392 4886 illa
410 4838 578 4893 describuntur,
596 4837 621 4884 in
637 4838 712 4886 canali
745 4838 864 4886 descendit
875 4850 898 4885 et
909 4836 937 4884 sd
949 4836 1050 4884 eundem
1062 4835 1129 4886 redit.

692 4903 767 4964 xx?
