3202 5446
88 483 376 565 LmnnSscunn]
409 485 652 551 PRINCIPIA
678 480 1053 551 MAT'HEMATICn
1306 486 1365 548 659

85 657 236 734 haereant,
253 657 384 741 perinde
400 672 435 722 ut
449 661 482 722 in
497 659 617 724 scholio
632 661 859 745 Propositionis
874 661 1081 746 praecedentis
1092 659 1236 744 exposui.
1272 661 1387 748 Agitur

84 767 167 830 enirn
183 767 216 829 in
232 768 434 852 sequentibus
450 767 490 831 de
506 768 680 832 resistentib
692 769 834 833 omnium
845 768 972 832 minimi
986 791 1079 855 quarn
1091 790 1227 852 corpora
1239 768 1384 846 rotunda,

84 873 164 938 datis
180 875 326 937 maximis
342 875 532 939 sectionibus
547 876 730 941 transversis
745 876 912 962 descripta,
929 876 1045 940 habere
1060 889 1202 959 possunt.

129 985 274 1069 Corpora
287 984 396 1048 fluidis
408 985 599 1061 innatantia,
616 986 670 1050 ubi
692 999 858 1050 moventur
872 986 904 1048 in
920 985 1084 1060 directum,
1109 984 1248 1049 efficiunt
1262 997 1299 1049 ut
1312 985 1386 1048 flui-

85 1090 161 1154 dum
186 1090 227 1154 ad
253 1105 375 1175 partem
400 1093 534 1155 anticam
561 1093 717 1171 ascendat,
745 1093 785 1156 ad
806 1094 959 1178 posticam
986 1092 1136 1170 subsidat,
1161 1093 1387 1177 praesertim'si

83 1200 187 1288 figura
201 1201 265 1264 sint
280 1201 409 1276 obtusa;
435 1214 467 1265 et
488 1201 561 1264 inde
585 1203 792 1266 resistentiam
814 1202 910 1285 paulo
924 1202 1074 1286 majorem
1090 1202 1226 1265 sentiunt
1242 1198 1335 1288 quim
1359 1199 1386 1263 si
1437 1263 1440 1271 ,

83 1308 184 1391 capite
201 1320 233 1371 et
249 1307 347 1370 caudi
364 1309 426 1371 sint
441 1309 550 1372 acutis.
597 1309 640 1372 Et
661 1331 794 1394 corpora
821 1312 853 1372 in
875 1310 980 1374 fluidis
1002 1309 1135 1375 elasticis
1151 1324 1246 1390 mota,
1270 1312 1296 1375 si
1312 1322 1384 1375 ante

84 1433 117 1484 et
130 1432 204 1505 post
219 1420 331 1484 obtusa
346 1421 417 1497 sint,
434 1421 566 1485 fluidum
581 1421 677 1505 paulo
692 1423 791 1509 magis
806 1423 1000 1486 condensant
1015 1423 1055 1487 ad
1071 1423 1204 1487 anticam
1216 1435 1338 1507 partem
1353 1434 1385 1487 et

84 1529 181 1615 paulo
195 1531 296 1617 magis
317 1529 459 1594 relaxant
481 1531 521 1594 ad
543 1532 713 1615 posticam3
740 1545 780 1595 et
794 1531 867 1596 inde
889 1532 1094 1595 resistentiam
1115 1532 1211 1615 paulo
1233 1534 1382 1615 majorem

83 1645 220 1708 sentiunt
235 1666 330 1730 quam
345 1644 371 1707 si
386 1644 487 1728 capite
503 1657 535 1707 et
549 1643 647 1707 caudi
666 1645 728 1706 sint
742 1645 850 1708 acutis.
899 1643 962 1709 Sed
977 1665 1035 1706 nos
1050 1644 1083 1706 in
1098 1643 1146 1707 his
1164 1643 1336 1708 Lemmatis
1351 1655 1384 1709 et

86 1750 359 1834 Propositionibus
374 1773 439 1814 non
455 1753 575 1838 agimus
591 1752 631 1816 de
645 1752 750 1816 fluidis
764 1753 908 1830 classicis,
933 1752 989 1817 sed
1003 1753 1045 1817 de
1060 1775 1127 1818 non
1143 1753 1293 1829 elasticis3
1316 1740 1382 1816 non

86 1856 126 1922 de
141 1858 348 1922 insidentibus
360 1858 468 1935 fluido,
485 1859 539 1922 sed
556 1859 595 1923 de
611 1859 672 1924 altri
687 1861 864 1925 immersis
897 1861 941 1925 Et
955 1861 1008 1924 ubi
1024 1862 1199 1927 resistentia
1214 1884 1382 1947 corporum

83 1966 117 2029 in
131 1967 235 2031 fluidis
252 1990 314 2030 non
327 1966 461 2032 elasticis
474 1968 648 2046 innotescit,
665 1968 810 2055 augenda
821 1970 880 2034 erit
890 1969 1146 2035 haec'resistentia
1155 1969 1383 2055 aliquantulum

85 2090 150 2140 tam
166 2077 199 2139 in
219 2077 324 2140 fluidis
344 2076 495 2154 elasticis3
519 2077 617 2162 qualis
640 2089 687 2141 est
707 2081 771 2155 atr,
800 2076 894 2164 quim
914 2078 946 2141 in
966 2077 1189 2162 superficiebus
1214 2078 1383 2141 fluidorum

83 2184 304 2271 stagnantium,
323 2183 427 2270 qualia
436 2197 515 2247 'sunt
529 2185 628 2248 maria
642 2199 673 2248 et
686 2185 827 2269 paludes.
1220 2177 1223 2182 Δ

250 2388 535 2503 rnorosmro
559 2441 762 2505 xxxvrn.
810 2439 1083 2538 ruaoauur
1106 2439 1223 2505 xxx.

87 2618 189 2695 Giobi,
211 2620 244 2680 ia
251 2618 358 2705 fluido
373 2639 536 2699 compresso
551 2618 674 2699 irfiaito
688 2627 718 2680 et
732 2637 792 2678 riori
808 2618 929 2678 elastico
943 2616 1136 2699 uniformiter
1144 2617 1380 2698 progredientis,

127 2727 298 2789 resistentia
314 2735 356 2788 est
371 2728 414 2787 ad
427 2727 487 2788 uim
502 2724 561 2808 qud
577 2736 655 2788 totus
670 2723 732 2807 q'us
745 2735 848 2800 motas,
866 2747 923 2806 quo
937 2734 1068 2805 tempore
1082 2733 1147 2785 octo
1156 2724 1266 2786 tertias
1275 2736 1383 2805 partes

127 2835 270 2896 diametri
284 2854 345 2896 suae
360 2834 510 2910 describit,
533 2836 580 2897 uel
595 2836 664 2897 tolli
678 2837 776 2914 possit
792 2837 838 2896 vel
849 2835 1005 2916 generari,
1027 2842 1061 2893 ut
1076 2833 1208 2895 densitas
1217 2833 1320 2917 fluidi
1341 2837 1385 2896 ad

130 2947 307 3010 densitatem
319 2947 404 3030 globi
419 2943 651 3030 quamproxime'.

129 3119 164 3204 (⁸)
181 3118 264 3182 Nam
287 3118 401 3205 globus
422 3131 470 3182 est
491 3119 532 3182 ad
553 3117 729 3204 cylindrum
753 3115 1021 3199 circumscriptum
1044 3127 1079 3177 ut
1100 3113 1164 3177 duo
1186 3114 1225 3177 ad
1250 3116 1325 3190 tria;
1352 3127 1383 3179 et

84 3240 253 3312 propterea
268 3229 313 3291 vis
330 3228 391 3305 illa,
409 3249 481 3314 quae
498 3227 607 3292 tollere
621 3227 719 3312 possit
734 3238 852 3289 motum
869 3247 994 3288 omnem
1013 3223 1144 3310 cylindri
1168 3226 1286 3289 interea
1307 3224 1382 3289 dum

84 3335 246 3421 cylindrus
272 3335 428 3399 describat
451 3334 681 3421 longitudinem
711 3345 846 3420 quatuor
875 3332 1109 3408 diametrorum,
1141 3332 1228 3418 globi
1259 3348 1380 3397 motum

86 3467 213 3509 omnem
227 3446 316 3510 tollet
332 3447 452 3509 interea
467 3446 543 3509 dum
559 3444 672 3531 globus
695 3443 852 3507 describat
865 3442 944 3505 duas
960 3443 1066 3505 tertias
1077 3455 1182 3525 partes
1204 3441 1297 3528 hujus
1312 3442 1381 3506 lon-

83 3553 243 3640 gitudinis,
262 3553 365 3631 idest,
383 3566 454 3617 octo
469 3554 576 3617 tertias
591 3565 695 3635 partes
710 3551 855 3613 diametri
869 3549 1015 3634 propriae.
1063 3549 1252 3612 Resistentia
1275 3563 1378 3613 autem

86 3663 221 3750 cylindri
236 3677 284 3728 est
303 3664 344 3728 ad
367 3664 449 3727 hanc
473 3665 536 3727 vim
560 3660 799 3749 quamproxime}
815 3674 849 3724 ut
863 3661 1000 3724 densitas
1023 3660 1111 3723 fluidi
1134 3661 1173 3723 ad
1199 3661 1382 3724 densitatem

85 3773 218 3858 cylindri
233 3773 283 3837 vel
297 3774 382 3860 globi
399 3796 455 3857 per
474 3774 567 3857 Prop.
585 3772 772 3836 XXXVII.
789 3785 820 3834 et
836 3771 1010 3835 resistentia
1024 3772 1112 3858 globi
1127 3772 1255 3858 aequalis
1271 3785 1318 3835 est
1333 3794 1382 3836 re·

85 3885 232 3949 sistentiae
248 3885 380 3971 cylindri
396 3909 452 3969 per
471 3886 558 3949 Lem.
576 3886 616 3949 V.
630 3884 688 3948 Vl.
707 3883 784 3948 Vll.
833 3882 875 3958 Q.
892 3906 920 3945 e.
936 3883 967 3945 d.

130 3995 164 4078 (²)
183 3996 283 4057 Corol.
303 4004 329 4056 l.
359 3995 547 4071 Globorum,
573 3993 604 4055 in
622 3992 731 4056 mediis
746 3991 933 4074 compressis
950 3989 1088 4068 infinitis,
1113 3991 1295 4055 resistentiae
1310 4004 1383 4056 sunt

118 4169 151 4233 (⁸)
165 4172 231 4217 Nam
239 4172 359 4231 globascst
371 4173 402 4216 ad
413 4172 542 4232 cylindrum
560 4167 721 4227 circumsotp-
753 4163 818 4228 globi
834 4174 913 4212 motus
927 4161 1075 4211 intercedam
1086 4172 1140 4209 orto
1155 4162 1234 4209 tertias
1244 4159 1382 4222 portendis.

85 4245 137 4284 tum
149 4243 177 4281 ut
188 4238 234 4280 rtao
245 4237 333 4282 rid-tria
351 4238 418 4297 (lto.
436 4235 486 4281 Lib.
501 4233 535 4294 1.)
553 4243 577 4279 ct
593 4241 720 4291 propterea,
755 4228 822 4276 metri
839 4229 937 4290 proprias
953 4227 1062 4275 describit
1077 4226 1126 4274 tolli
1139 4226 1256 4286 possitve!
1268 4225 1381 4288 generari,

86 4315 141 4346 curn
153 4297 235 4343 cadem
246 4297 277 4343 sit
288 4298 352 4358 globi
364 4308 386 4344 et
399 4298 497 4359 cylindri
510 4296 612 4344 densitas
628 4294 722 4342 eadem-
754 4303 789 4340 est
800 4293 829 4339 sd
840 4293 887 4339 rim
898 4291 1039 4340 uniformem
1050 4290 1097 4353 qui
1109 4302 1172 4338 totus
1181 4289 1279 4352 cylindri
1295 4299 1380 4343 motas.

85 4379 132 4428 que
146 4362 256 4408 setmitns
268 4365 308 4423 (er
323 4362 404 4422 Hyp.)
424 4363 543 4423 quantitas
560 4360 639 4406 mosiis
656 4359 721 4422 globi
752 4372 800 4422 quo
811 4367 915 4418 tempore
925 4355 1098 4420 longitudinem
1106 4367 1208 4418 quatuor
1214 4355 1382 4402 diametronrm

86 4439 121 4474 css
139 4428 169 4474 sd
187 4425 342 4489 quantitatem
361 4425 440 4473 motbs
457 4425 559 4487 cylindri
579 4433 607 4471 ut
625 4422 675 4471 duo
691 4421 722 4470 sd
752 4421 815 4486 globi
827 4421 936 4469 describit
946 4422 981 4467 rei
990 4420 1042 4467 tolli
1053 4420 1089 4466 rel
1100 4420 1205 4483 generari
1217 4419 1289 4479 possit
1298 4430 1325 4465 ut
1333 4417 1382 4465 duo

86 4492 139 4544 tris.
158 4503 182 4538 et
202 4501 296 4551 tempus
314 4505 362 4552 qno
396 4489 464 4536 iobus
483 4500 537 4537 octo
552 4489 631 4535 tertias
646 4497 722 4548 panes
753 4486 783 4535 sd
795 4487 839 4533 trin
855 4485 975 4534 directiet
985 4484 1034 4531 duo
1050 4484 1080 4531 sd
1094 4485 1138 4531 tria
1152 4482 1247 4539 intend,
1262 4482 1286 4530 id
1298 4495 1340 4535 est.
1356 4485 1381 4529 in

86 4556 194 4603 diesnetri
214 4553 316 4616 proprias
333 4505 481 4600 unilirrmiter
500 4553 617 4609 describit,
641 4562 676 4600 est
691 4551 721 4599 sd
752 4549 996 4618 ratione-qualitatis.
1034 4551 1169 4597 Resistentia
1181 4558 1257 4597 autem
1275 4550 1380 4612 cylindri,

86 4633 179 4680 ternpus
189 4635 238 4682 quo
248 4618 370 4680 cylindrus
381 4617 463 4665 cidem
475 4617 588 4665 uniformi
601 4616 722 4664 velocium
754 4615 796 4662 dac.

86 4684 248 4747 quadruplum
271 4682 427 4746 longitudinis
448 4698 505 4736 sue,
532 4697 572 4728 seu
597 4680 722 4728 duodecim
788 4682 820 4742 (¹)
840 4685 852 4710 ⁸
875 4683 947 4729 Cerci.
972 4685 992 4726 1.
1030 4677 1098 4725 Patet
1119 4694 1160 4738 per
1183 4679 1237 4726 Cor.
1265 4684 1284 4725 1.
1308 4676 1377 4735 Pron

87 4751 165 4796 terties
176 4747 343 4795 diametrorum
355 4746 419 4809 globi
427 4746 543 4803 describit,
555 4747 624 4792 etism
636 4755 664 4793 ut
674 4744 722 4792 duo
755 4745 807 4792 XX
815 4744 916 4800 xvia,
935 4743 990 4806 quii
1010 4743 1139 4790 ruistentia
1154 4743 1218 4804 globi
1237 4739 1333 4804 aqualis
1347 4750 1382 4787 est

87 4814 117 4861 sd
129 4814 178 4860 tria.
218 4814 298 4869 Quare
316 4812 387 4876 (liri)
405 4811 440 4858 vis
455 4812 580 4859 uniimmis
595 4811 642 4873 qui
659 4821 723 4858 tetus
754 4809 888 4858 rmismntin
898 4806 996 4870 cylindri
1008 4806 1181 4869 circumscripti.

484 4907 486 4909 -
709 4876 775 4922 Tre
