3202 5446
293 475 355 536 552
580 463 921 531 PHILOSOPHIAE
946 461 1222 529 NATURALIS
1287 461 1398 543 [Mor.
1415 463 1554 530 Corsos.

787 967 972 1046 SECTIO
996 969 1044 1044 V.

301 1159 363 1235 De
375 1161 541 1234 onitate
556 1170 592 1233 et
604 1161 1057 1256 compressionefluidomm,
1077 1164 1184 1263 deque
1200 1161 1451 1256 hydrostaticri.
1467 1161 1519 1258 (⁸)

774 1345 928 1411 Definitio
944 1345 1058 1410 Fluidi.

272 1517 415 1580 Ruidnn
428 1525 472 1580 est
486 1536 592 1598 emptis
605 1536 699 1593 omne,
714 1513 795 1599 ny'iis
805 1525 914 1600 portes
927 1518 1035 1580 cedunt
1049 1519 1081 1581 oi
1094 1520 1255 1602 mittitque
1266 1520 1375 1596 itate,
1391 1527 1421 1583 et
1433 1518 1542 1583 ereo

706 1631 809 1716 facile
823 1641 975 1696 moventur
990 1633 1070 1694 inter
1083 1653 1123 1695 se.

491 1885 775 1952 PROPOSITIO
798 1884 898 1951 XIX.
943 1881 1216 1950 THEOREMA
1238 1880 1326 1947 XIV

270 2061 379 2124 fluidi
397 2062 569 2146 homogenei
590 2072 620 2126 et
642 2064 765 2139 immoti,
792 2064 872 2147 quod
884 2062 918 2124 in
939 2082 1008 2127 uase
1028 2081 1197 2146 quocunque
1218 2060 1338 2122 immoto
1360 2059 1542 2122 demtos

314 2169 445 2251 undique
459 2151 674 2251 cornprimitur,
695 2179 803 2252 partes
817 2192 915 2234 omnes
937 2167 1089 2254 (seposita
1108 2168 1361 2242 emdemationis,
1384 2165 1542 2250 gramine

313 2282 343 2335 et
360 2275 468 2336 uirium
483 2276 612 2337 omnium
626 2278 859 2358 centripetamm
873 2272 1132 2359 consideratione)
1147 2275 1307 2358 equaliter
1315 2281 1545 2354 prmum

313 2381 411 2462 dique,
428 2390 457 2443 et
471 2383 536 2444 sine
550 2385 633 2446 omni
646 2393 727 2447 motu
740 2407 760 2448 o
769 2386 925 2467 pressione
940 2381 996 2446 izit
1010 2391 1077 2445 orto
1086 2390 1266 2464 permanent
1280 2383 1315 2444 in
1329 2382 1405 2444 locis
1418 2381 1487 2445 eris.

316 2549 383 2612 eas.
403 2558 430 2613 l.
463 2550 501 2614 In
516 2573 588 2615 vase
603 2551 758 2638 sphaerico
773 2553 804 2617 A
820 2552 849 2617 B
862 2552 890 2617 C
904 2551 1067 2616 claudatur
1081 2563 1113 2614 et
1127 2550 1326 2614 uniformiter
1336 2550 1548 2635 comprimatur

270 2656 400 2721 fluidum
417 2657 571 2744 undique:
594 2658 666 2723 dico
681 2660 765 2747 quod
780 2659 918 2745 ejusdem
937 2681 1010 2745 pars
1025 2657 1112 2722 nulia
1126 2680 1165 2721 ex
1179 2656 1230 2720 illi
1245 2659 1411 2742 pressione
1425 2656 1550 2721 movebi-

271 2778 331 2829 tur.
377 2762 460 2827 Nem
475 2764 500 2828 si
514 2787 588 2851 pars
610 2766 714 2853 aliqua
729 2767 762 2832 D
778 2779 947 2844 moventur,
974 2787 1101 2830 necesse
1123 2775 1171 2828 cst
1193 2777 1227 2827 ut
1247 2785 1359 2828 omnes
1382 2763 1550 2849 hujusmodi

270 2883 374 2956 partes
390 2870 430 2934 ad
445 2871 576 2936 eandem
591 2896 610 2936 a
624 2887 734 2938 centro
755 2873 932 2938 distantiam
953 2873 1091 2963 undique
1114 2872 1326 2948 consistentes,
1352 2871 1449 2936 simili
1472 2886 1551 2935 motu

302 3045 342 3110 (⁹)
357 3051 409 3094 168.
428 3041 592 3107 Hydrostotieii
604 3053 639 3090 est
649 3042 744 3090 scientie
755 3043 897 3103 pressionum
932 3043 957 3091 D
973 3043 1035 3090 recti
1053 3043 1111 3091 DC
1126 3041 1156 3089 sd
1173 3042 1270 3102 pinnum
1289 3043 1311 3088 Α
1327 3042 1348 3090 Β
1366 3042 1551 3104 pomini,

270 3123 328 3171 quus
348 3109 421 3156 fluide
432 3110 467 3156 vei
479 3110 582 3169 ipsorum
598 3118 674 3167 penes
685 3108 709 3154 in
726 3124 751 3154 se
767 3106 851 3155 mutuo
862 3108 898 3155 rel
930 3109 1021 3171 eisqui
1032 3123 1116 3168 corpus
1130 3107 1150 3153 N
1164 3116 1266 3169 urgetur,
1278 3119 1413 3155 esnonstur
1423 3124 1464 3169 por
1474 3109 1551 3155 [ιω

270 3172 296 3218 ἰιι
306 3188 401 3234 corpore
411 3173 485 3219 solide
496 3182 609 3218 exercent.
932 3174 952 3220 C
967 3173 1000 3228 H,
1020 3182 1044 3219 et
1062 3173 1112 3218 iioec
1131 3174 1183 3234 (per
1199 3172 1257 3232 Leg.
1274 3171 1335 3217 Mor.
1350 3172 1407 3218 Cos.
1422 3174 1459 3233 9.)
1477 3173 1553 3219 moiri

305 3241 356 3286 169.
393 3241 507 3287 Finidnrn
528 3239 693 3296 homogeneuen
714 3234 805 3292 dicitur,
830 3237 898 3299 cujus
928 3237 1012 3297 poterit
1023 3238 1047 3283 in
1059 3238 1119 3283 vires
1128 3234 1302 3298 squipolisntes
1315 3236 1373 3282 CD
1384 3248 1411 3283 et
1423 3237 1448 3284 D
1458 3237 1492 3286 Η.
1510 3236 1552 3285 sd

271 3299 372 3349 densius
382 3313 417 3348 est
428 3301 558 3357 uniformis,
570 3298 629 3346 adeo
640 3311 666 3347 ut
678 3300 788 3347 nimirum
803 3302 899 3362 aequnlis

271 3367 373 3412 mnterioe
394 3366 510 3427 quantitas
531 3368 575 3411 sub
596 3364 753 3410 voluminibus
771 3365 899 3426 equalibus

271 3429 359 3492 ubique
380 3446 421 3490 per
440 3441 513 3476 totam
534 3427 601 3475 fluidi
623 3443 722 3473 massam
744 3431 897 3486 contineatur,

269 3496 378 3557 fluidum
394 3497 565 3555 heterogenenrn
581 3492 710 3553 sppeilstur
720 3493 788 3555 cujus
799 3493 899 3541 densitas

274 3558 396 3605 unisonuis
407 3573 454 3605 non
466 3568 507 3605 est.

306 3627 358 3669 170.
388 3625 493 3671 Grovitm
503 3624 604 3688 qecg'fioo
615 3621 716 3682 corporis
727 3631 761 3668 est
772 3624 829 3670 ratio
840 3638 898 3684 pon·

272 3684 333 3732 deris
348 3687 452 3748 ejusdem
468 3686 498 3733 sd
508 3687 633 3742 volumem
651 3686 683 3733 nt
694 3695 721 3733 ut
732 3702 827 3748 corpore
838 3688 898 3749 rjus-

272 3748 326 3796 dem
337 3751 454 3812 gravitstis
464 3751 576 3810 specifico
585 3751 692 3797 dicantur
702 3767 756 3814 quse
766 3754 810 3798 sub
821 3768 898 3814 equs-

271 3813 333 3860 libus
349 3815 507 3862 voluminibus
522 3815 611 3878 mqunle
626 3816 717 3875 pondus
727 3816 827 3874 hebent5
846 3832 898 3876 spo·

271 3877 337 3925 citet
354 3879 457 3940 graviore
475 3879 510 3924 vel
528 3880 612 3925 leviore
630 3895 683 3940 quie
705 3883 749 3926 sub
771 3881 899 3942 oequslibus

272 3942 430 3989 voluminibus
441 3944 515 4004 majus
532 3943 568 3989 vei
584 3943 662 3989 minus
679 3944 770 4003 pondus
781 3945 897 4004 continet3

271 4005 343 4067 quui
360 4022 415 4053 cum
434 4006 534 4054 densitas
553 4007 582 4052 sit
601 4008 659 4053 estio
680 4023 762 4055 messis
783 4008 812 4054 sd
831 4010 898 4057 volu-

271 4085 325 4116 men
335 4070 437 4130 corporis
448 4073 482 4133 (Ἰ.
499 4071 551 4118 Lib.
567 4071 602 4130 l.)
622 4072 662 4117 ubi
681 4072 784 4132 pondere
799 4084 854 4120 sunt
870 4084 898 4123 ut

270 4148 358 4188 masec,
370 4136 493 4197 gravitates
503 4135 615 4193 specifice
626 4146 681 4182 suot
689 4148 716 4183 ut
723 4135 853 4184 densitstes.

304 4204 357 4247 171.
376 4199 483 4245 Ιιεωωα.
503 4202 632 4246 Pressiones
643 4218 802 4262 qnnseoqmo
813 4206 897 4265 quaeis

270 4264 296 4309 in
306 4280 329 4310 se
340 4263 416 4310 motui
427 4264 684 4328 exercentfiuntjnrtri
695 4269 828 4314 directiones
836 4285 897 4316 oons-

270 4330 338 4373 muni
354 4331 423 4389 {itone
440 4332 584 4390 contingenti
597 4333 804 4390 perpendiculares,
820 4342 841 4380 et
854 4350 897 4394 per

266 4401 385 4450 punctum
396 4396 553 4454 contingentia
561 4398 691 4441 eornnidem
699 4411 820 4456 tortiorum
831 4406 897 4445 tron-

269 4466 344 4500 scunt.

304 4518 395 4578 Corpus
413 4520 437 4566 N
449 4521 471 4566 vi
482 4519 584 4583 quilibet
599 4522 728 4569 secundum
745 4523 895 4572 directionem
927 4546 1011 4591 eorpus
1032 4533 1060 4579 M
1079 4531 1175 4580 minimi
1192 4534 1336 4593 promiturvi
1351 4535 1376 4580 D
1391 4535 1416 4580 H
1430 4538 1557 4581 medum

273 4579 293 4626 F
307 4582 326 4628 C
340 4597 456 4645 urgentur,
477 4596 630 4649 tangeturque
641 4589 664 4632 in
680 4588 703 4633 D
714 4603 728 4632 s
739 4602 834 4647 corpore
851 4591 896 4649 M;
929 4596 1079 4642 directionem
1091 4598 1153 4657 plani
1165 4598 1286 4644 contactio
1301 4610 1402 4659 agente5
1423 4601 1495 4660 quere
1511 4597 1559 4644 soti

270 4644 444 4723 producatur?
457 4651 476 4697 C
493 4661 519 4697 ut
531 4650 600 4709 pinno
619 4655 640 4699 Δ
655 4652 676 4697 Β
692 4650 755 4712 quod
771 4662 897 4715 utrumque
929 4660 951 4705 vi
965 4661 1020 4707 CD
1031 4661 1167 4720 scipionum
1181 4664 1203 4707 A
1216 4663 1236 4708 Β
1249 4662 1347 4708 normali
1359 4675 1381 4709 et
1393 4679 1436 4722 per
1448 4676 1559 4723 punctu

270 4722 355 4771 corpus
365 4716 481 4777 contingit
491 4715 515 4760 in
530 4715 554 4761 D
565 4726 670 4764 occurret
680 4716 704 4761 io
718 4715 752 4772 fl,
771 4714 843 4765 ducti
859 4734 900 4779 prr
931 4725 1052 4773 contectus
1066 4726 1090 4772 D
1101 4735 1233 4774 mnoeuntc
1243 4727 1364 4787 premitur.
1402 4729 1434 4783 Q.
1448 4743 1470 4775 s.
1483 4728 1506 4775 ἀ
