3202 5446
149 507 444 583 LrasnSacuun.]
477 498 720 567 PRlNClPlA
744 495 1117 565 MATHEMATICA.
1164 508 1167 513 '
1374 506 1432 566 737

371 759 662 827 PROPOSITIO
686 758 782 825 Llll.
829 757 1103 825 THEOREMA
1127 757 1221 823 XLI.

153 938 301 1020 Corpora,
317 957 385 1020 quoe
395 938 429 999 in
443 937 555 1000 vortice
565 936 668 998 delata
683 935 716 997 in
731 934 828 997 orbern
842 934 977 1011 redeunt,
994 933 1119 1017 tjtodern
1134 943 1203 998 stent
1217 934 1377 998 densitatis
1387 955 1450 996 cum

196 1048 317 1122 sortire,
341 1055 371 1109 et
385 1041 487 1107 eddom
502 1046 566 1128 lege
580 1065 643 1107 citor
664 1044 759 1126 ipsius
765 1040 910 1127 portibus
924 1042 1026 1126 quood
1039 1043 1224 1106 mlocitotem
1239 1051 1268 1104 et
1283 1062 1384 1105 cursus
1400 1043 1451 1104 de-

195 1154 435 1217 terminationem
449 1161 611 1215 monentur.

197 1343 283 1407 Nam
299 1343 326 1406 si
339 1342 464 1407 vorticis
479 1364 552 1428 pars
567 1341 672 1429 aliqua
686 1343 810 1431 exigua,
832 1343 921 1427 cujus
943 1342 1106 1427 particulae
1121 1364 1176 1407 seu
1190 1355 1307 1428 puncta
1320 1340 1452 1427 physica

151 1450 265 1513 datum
279 1461 404 1513 servant
419 1449 512 1512 sitnm
520 1450 602 1513 inter
617 1472 661 1527 se,
678 1449 836 1538 congelari
852 1461 1064 1534 supponatur:
1087 1449 1166 1528 hoeo,
1184 1450 1332 1536 quoniam
1347 1469 1450 1533 neque

151 1643 250 1693 difficile
261 1643 290 1690 sit
301 1645 331 1690 ab
341 1643 377 1691 his
393 1643 490 1706 aliisque
506 1643 727 1692 contradictionibus
743 1645 786 1706 hy·
818 1642 849 1690 sd
859 1653 967 1691 naturam
979 1641 1051 1690 medii
1061 1641 1128 1690 iluidi
1144 1642 1340 1690 accommodetur.
1377 1638 1451 1698 Quod

151 1707 270 1770 pothesitn
281 1707 396 1755 vorticum
413 1708 515 1765 liberare,
533 1724 561 1756 ex
573 1709 641 1756 variis
655 1707 700 1756 nte
715 1707 745 1756 de
761 1723 787 1755 re
818 1707 837 1754 si
849 1709 880 1756 ob
890 1707 1086 1770 qualemcumque
1096 1707 1197 1767 partium
1210 1706 1275 1754 fluidi
1283 1706 1449 1761 cohsesionum,

152 1772 302 1821 ansditorum
307 1772 506 1821 dissertationibus
516 1773 571 1820 sads
581 1773 732 1821 manifestum
743 1780 784 1820 est.
818 1771 899 1834 aliqua
914 1773 1020 1820 habenda
1030 1773 1061 1820 sit
1070 1772 1129 1819 ratio
1140 1771 1175 1818 vis
1192 1772 1269 1826 vectis,
1286 1771 1348 1819 certe
1358 1787 1386 1818 ea
1402 1786 1450 1819 non

154 1836 219 1885 Vide
231 1836 343 1885 leibnitii
354 1847 472 1885 testamen
483 1839 513 1886 de
526 1839 639 1885 Motuum
652 1837 789 1886 Coelestium
821 1835 913 1885 ridetur
931 1836 1071 1884 assumenda
1092 1836 1208 1883 distentia
1226 1851 1241 1883 a
1263 1837 1354 1883 vorticis
1370 1844 1450 1884 centro

155 1900 649 1963 Causis3VillemotiiopusdeVorticibus5
662 1901 789 1949 illustrissl·
821 1899 1006 1962 proportionalis,
1027 1898 1227 1962 quemadmodum
1243 1899 1380 1948 fitinvecte
1397 1915 1449 1961 per·

152 1966 190 2015 mi
201 1965 346 2014 Marchionis
364 1967 449 2016 Polani
465 1966 585 2030 dialogum
596 1967 626 2014 de
637 1966 718 2015 eidem
734 1982 784 2014 ma·
817 1965 878 2014 iectd
898 1964 982 2029 rigido,
1001 1981 1042 2012 seu
1062 1966 1131 2029 cujus
1146 1977 1222 2026 partes
1238 1965 1261 2012 vi
1276 1966 1341 2027 quasi
1358 1964 1450 2013 infiniti

154 2029 228 2088 terim
253 2031 433 2080 Dissertationes
449 2031 545 2079 celeber.
565 2032 667 2079 virorum
692 2031 786 2078 Saurini
818 2045 930 2079 connexa
946 2040 1111 2091 supponuntur
1121 2040 1145 2078 et
1155 2030 1239 2077 eodem
1254 2040 1323 2077 motu
1339 2030 1448 2094 angulari

151 2095 181 2143 in
189 2095 282 2143 comm.
293 2096 366 2144 Acad.
377 2097 439 2159 lieg-
447 2096 533 2144 Scient.
541 2111 580 2143 an.
593 2101 673 2152 1709„
684 2095 786 2143 Bulffin·
819 2096 977 2143 revolvuntur.

153 2159 205 2225 gari
213 2159 243 2207 de
251 2159 329 2207 Causi
339 2161 473 2218 Gravitatis,
481 2161 551 2210 Joan.
557 2160 680 2208 Bernoulli
691 2160 786 2224 Cogita·
853 2158 971 2208 Caeterum
982 2157 1078 2206 celeber.
1088 2159 1158 2207 Joan.
1169 2158 1292 2207 Bernoulli
1301 2158 1371 2206 aliam
1380 2174 1449 2206 usur-

153 2226 232 2272 tionas
239 2223 355 2272 Norasde
364 2226 493 2287 Syrtetnate
500 2223 786 2288 Cutesiiejusdentl'by-
818 2232 858 2285 pat
873 2224 1020 2286 hypothesim
1030 2238 1084 2285 ques
1095 2223 1237 2270 mechanicis
1253 2234 1373 2284 perspecta
1384 2239 1445 2270 non·

154 2286 787 2351 sioamCoeltateminterAcademiaprremifflomini
819 2287 878 2335 drlm
897 2300 932 2336 est
953 2286 1062 2349 certique
1083 2288 1208 2349 explorata.
1246 2288 1362 2349 Supponit
1382 2289 1447 2335 enim

155 2353 187 2401 ds
199 2352 311 2400 Molieres
324 2354 448 2402 Lectiones
461 2354 578 2416 Physicas.
819 2367 874 2400 cum
888 2355 919 2401 Ι).
934 2353 1068 2399 Amontons
1078 2352 1103 2398 in
1116 2353 1226 2400 Monum.
1239 2352 1312 2399 Paris.
1320 2369 1358 2399 sn.
1374 2359 1443 2402 1699.

189 2417 322 2465 Illustrium
332 2420 458 2466 authorum
468 2419 510 2481 qui
517 2418 632 2467 nordeum
640 2416 786 2478 hypothesim
818 2416 971 2464 resistentiam
979 2431 1031 2477 quse
1038 2416 1111 2463 oritur
1119 2431 1147 2463 ex
1156 2416 1263 2464 frictione
1271 2417 1446 2477 superficierum

154 2479 250 2529 mertui
269 2481 423 2540 vindicarunt,
444 2484 518 2530 varias
533 2481 577 2530 hic
592 2482 623 2529 de
638 2497 662 2529 re
678 2481 785 2529 disserta·
818 2483 983 2543 contiguarum
1002 2490 1131 2542 utcumque
1151 2479 1311 2542 inaqualium,
1334 2491 1445 2529 manente

154 2545 233 2594 tiones
247 2545 286 2593 hic
301 2561 435 2607 percurrere
450 2547 520 2593 nimis
535 2546 634 2610 longum
650 2545 717 2603 foret,
742 2561 785 2592 nec
817 2544 953 2591 earumdem
964 2544 990 2590 in
1000 2559 1050 2590 sese
1059 2541 1144 2591 mutui
1155 2545 1280 2605 pressione,
1297 2555 1443 2592 constantem

154 2619 234 2657 tantas
243 2625 381 2671 componere
390 2611 442 2660 lites
452 2622 558 2658 nostrum
568 2619 610 2658 est.
648 2610 784 2656 Eamenim
815 2624 881 2667 esse;
893 2607 975 2656 verum
985 2608 1118 2668 hypothesis
1126 2607 1167 2655 illa
1174 2607 1254 2656 minus
1261 2609 1442 2669 placuitclariss.

155 2673 290 2722 Nevvtonus
300 2675 342 2724 sibi
354 2676 392 2724 vel
405 2674 507 2723 maximi
521 2673 707 2740 impugnandam
718 2688 783 2720 assu-
817 2672 906 2720 Wolfio
916 2673 957 2735 qui
967 2670 998 2720 de
1008 2672 1036 2719 eia
1046 2672 1083 2718 his
1094 2672 1168 2720 verbis
1178 2672 1282 2735 loquitur
1292 2674 1317 2719 in
1329 2673 1443 2720 Elemen-

153 2737 200 2795 mit
219 2739 333 2786 vorticum
349 2740 496 2802 hypothesim
512 2755 584 2802 quam
602 2737 721 2787 Cartesius
736 2738 787 2798 ipse
818 2735 849 2784 tis
861 2737 1081 2786 Mechanicisnum.
1096 2743 1151 2786 965.
1180 2736 1300 2800 Equidem
1312 2740 1447 2785 Amontons

152 2803 314 2861 eonsdtuerat,
325 2815 436 2868 natasque
446 2814 499 2865 post
509 2803 579 2864 primi
588 2803 676 2850 autoris
686 2811 786 2849 mortem
817 2802 925 2865 regulam
936 2801 1090 2849 universalem
1106 2800 1171 2849 dedit
1186 2802 1338 2863 computandi
1350 2803 1398 2849 vim
1414 2803 1446 2851 ad

153 2866 230 2930 hujus
248 2869 378 2931 systematis
396 2868 570 2916 emendationes
587 2882 658 2928 quam
674 2866 787 2926 plurimas
818 2865 951 2914 frictionem
970 2866 995 2911 in
1012 2865 1067 2913 dato
1083 2866 1188 2928 quolibet
1203 2880 1260 2913 casu
1281 2865 1444 2927 superandam,

153 2931 240 2980 saltem
256 2932 343 2980 directe
361 2948 408 2980 nou
430 2933 494 2993 petit.
532 2934 566 2978 At
583 2930 675 2977 silentio
692 2939 786 2991 prseter-
818 2927 1447 2992 sadcdmomnemtrictionemasoliappressioneex

153 2996 251 3043 mittere
267 3011 316 3042 non
333 2997 387 3044 licet
401 2994 586 3043 dissertationem
601 2993 728 3042 doctissimi
743 2995 786 3041 viri
818 2994 921 3055 pondere
931 2993 1129 3056 superincedentis
1139 2994 1234 3052 derivet,
1246 3010 1274 3041 ex
1286 2994 1444 3042 antecedenti·

153 3058 229 3110 ἔσω.
256 3060 385 3108 Bernoullii
407 3062 436 3108 ab
460 3058 590 3107 Academid
614 3058 691 3122 Regii
711 3059 784 3108 Paris.
817 3060 863 3106 bus
889 3061 944 3107 satis
969 3068 1064 3121 apparet
1089 3059 1153 3122 quod
1175 3059 1291 3120 proposito
1315 3059 1446 3107 enatuere

153 3125 256 3188 praemio
271 3122 453 3179 condecoratam,
471 3124 510 3172 cui
526 3123 609 3171 titulus
619 3133 666 3172 est:
690 3123 785 3198 Cogita·
818 3133 929 3186 nequeat:
951 3139 1030 3171 veram
1046 3123 1159 3170 frictionis
1175 3125 1252 3186 legem
1268 3124 1445 3171 accuratissimis

153 3192 233 3238 tiones
251 3188 508 3251 NovadeSystemate
520 3186 625 3237 Csrtesii.
659 3187 786 3237 Existimat
817 3189 981 3250 experimentis
1002 3198 1121 3236 tentarunt
1147 3188 1289 3236 celeberrimi
1310 3188 1444 3249 philosophi

153 3251 241 3300 clariss·
254 3263 323 3300 autor
333 3254 479 3314 superiorum
490 3252 678 3314 Propositionum
687 3251 785 3301 demon·
820 3252 977 3317 Deaaguillier
985 3262 1009 3301 et
1016 3252 1218 3311 Moschenbroelt3
1230 3262 1311 3301 ateam
1318 3253 1444 3301 baudastis

155 3317 279 3366 natones
299 3333 365 3366 mero
385 3318 527 3379 sophismate
541 3317 653 3373 laborare,
675 3315 704 3364 ed
720 3315 785 3380 quod
817 3327 963 3365 constantem
986 3320 1143 3376 observarunt,
1166 3328 1194 3365 ut
1211 3326 1275 3379 patet
1295 3333 1323 3364 er
1341 3318 1369 3364 iis
1385 3333 1444 3380 quas

155 3382 288 3431 Nervtonus
303 3384 397 3430 orbium
412 3383 578 3446 contiguorum
597 3390 621 3428 et
635 3396 685 3429 sese
701 3390 786 3430 mutuo
818 3382 1008 3430 Moschenbroek
1020 3382 1088 3429 Tom.
1104 3383 1125 3429 Ι.
1143 3383 1253 3444 Physices
1268 3382 1388 3441 descripsit
1403 3397 1443 3429 ex-

155 3447 306 3495 atterentium
328 3446 503 3508 impressionem
525 3445 603 3494 soldm
620 3445 737 3494 definierit
755 3461 784 3492 er
816 3447 999 3508 perimentorum
1008 3447 1099 3494 tabulis.
1137 3448 1180 3495 Nil
1191 3445 1247 3511 ergit
1257 3449 1313 3494 certi
1324 3446 1369 3494 hic
1379 3447 1443 3495 dere

155 3511 332 3572 mperdcierum
346 3511 509 3574 magnitudine
520 3520 544 3558 et
554 3510 674 3558 velocitate
689 3508 785 3558 relativi
816 3511 962 3573 pronuntiari
972 3521 1055 3572 potest.
1091 3513 1222 3560 Newtonus
1232 3521 1311 3559 tamen
1322 3513 1443 3575 conjectu-

154 3574 203 3639 qui
214 3575 352 3624 abinvicem
364 3586 512 3638 separantur3
528 3590 609 3623 earum
620 3574 675 3622 vero
686 3574 784 3635 superfi-
815 3591 866 3623 ram
886 3575 942 3624 fecit
963 3577 1115 3624 resistentiam
1136 3578 1161 3623 in
1183 3577 1267 3624 minori
1287 3591 1336 3623 esse
1354 3576 1443 3625 ratione

154 3640 245 3701 eierum
260 3640 401 3701 pressionem
412 3639 509 3689 minimi
520 3639 705 3694 consideraverit,
723 3639 782 3687 vim·
815 3640 887 3703 quim
897 3656 925 3688 ea
936 3641 1062 3688 velocitatis
1073 3651 1113 3699 est,
1133 3657 1161 3689 eo
1177 3643 1254 3689 forsan
1271 3641 1356 3688 ductus
1371 3657 1442 3704 argu·

154 3718 203 3768 que
214 3706 283 3752 vectis
290 3705 419 3768 neglexerit
428 3721 488 3782 qua,
501 3703 590 3753 cerens
598 3705 699 3766 paribus,
710 3705 785 3769 major
816 3716 897 3752 mento
915 3704 978 3768 quod
988 3705 1014 3751 in
1030 3706 1439 3768 HistoriiAead.Reg.an.1709.

155 3778 192 3817 ast
210 3768 235 3815 in
255 3770 381 3834 majoribus
398 3778 454 3817 rotis
472 3780 496 3818 et
511 3769 589 3818 minor
604 3769 630 3814 in
645 3769 790 3819 minoribus..
816 3770 861 3817 hoc
872 3768 920 3818 tert
930 3768 1001 3816 modo
1011 3771 1147 3831 exponitur:
1162 3770 1352 3830 siconcipiantur
1362 3785 1442 3831 super.

157 3831 249 3881 Verltm
255 3832 309 3882 licet
315 3834 340 3880 in
347 3835 396 3882 suia
402 3833 637 3882 demonstrationibus
643 3833 784 3895 presm'onem
816 3835 881 3881 ficies
890 3835 1020 3882 innumeris
1029 3834 1161 3885 eminentiis
1171 3851 1265 3896 aspere,
1277 3834 1334 3882 dum
1346 3835 1392 3882 alia
1402 3851 1442 3882 su-

155 3897 244 3961 ubique
261 3899 375 3962 aequalem
393 3898 541 3960 supposuerit
558 3898 696 3956 Ncwtonus,
713 3898 785 3961 hujus
815 3899 938 3960 peraliam
948 3899 1042 3956 incedit,
1057 3901 1186 3960 superficiei
1203 3899 1326 3961 superioris
1337 3901 1442 3948 eminen-

155 3962 384 4024 tamenpretsionisi
439 3962 558 4011 natitatem
569 3961 594 4008 in
604 3962 693 4010 scholio
708 3963 784 4010 oonsi-
816 3964 855 4010 tire
865 3962 927 4010 intri
938 3966 1045 4012 cavitates
1056 3965 1178 4022 inferioris,
1191 3965 1246 4013 dato
1257 3975 1367 4025 tempore,
1377 3981 1440 4025 pres-

155 4026 253 4082 deserit,
264 4028 403 4090 etquidex'
443 4036 559 4090 sequatur,
571 4026 699 4090 generatim
707 4035 785 4075 osten·
817 4028 889 4076 sionis
905 4029 928 4075 vi
944 4037 1073 4089 penetrant,
1086 4030 1158 4092 fitque
1176 4029 1304 4077 resistentis
1322 4030 1405 4093 major,
1422 4030 1442 4075 si

155 4091 199 4140 dit.
236 4091 293 4138 Vim
313 4091 410 4155 quidem
428 4091 499 4140 vectis
520 4090 613 4152 prorsus
629 4090 739 4155 neglexit,
762 4101 787 4139 et
816 4092 878 4139 intri
888 4093 1016 4154 superficiei
1027 4094 1140 4141 inferioris
1156 4095 1264 4142 cavitates
1279 4093 1348 4141 altilis
1365 4095 1442 4157 ingre-

155 4153 241 4205 meritd
251 4156 354 4220 quidem,
372 4166 487 4220 quantum
504 4155 634 4219 intelligere
650 4171 782 4218 mamus.
816 4155 912 4205 diantur
922 4158 1052 4218 superficiei
1063 4158 1185 4220 superioris
1196 4159 1336 4216 eminentie,
1348 4170 1373 4206 at
1389 4158 1443 4206 verti

158 4220 274 4276 Quamvis
284 4221 348 4268 enirn
359 4220 457 4269 invecta
466 4220 549 4286 regido
556 4220 784 4286 cujuspartessimul
817 4221 836 4268 si
852 4223 927 4285 major
937 4223 968 4270 sit
978 4223 1092 4277 velocitas,
1110 4225 1214 4283 superior
1233 4224 1366 4284 superficies
1382 4223 1443 4271 intrd

155 4284 241 4334 eodan
256 4296 323 4333 motu
339 4285 446 4349 angulari
462 4283 524 4333 circi
534 4284 700 4347 hypomoslion
710 4285 784 4332 revol-
817 4286 951 4335 inieriorem
962 4287 1045 4334 codem
1056 4287 1111 4334 dato
1122 4299 1227 4349 tempore
1237 4287 1318 4336 minus
1327 4299 1441 4349 penetrat.

154 4359 253 4404 vantur,
264 4348 294 4397 eo
305 4352 378 4414 major
386 4351 417 4397 sit
426 4349 529 4398 efficacia
539 4349 680 4413 quooaeteris
689 4350 785 4410 paribus
818 4351 885 4399 Hinc
896 4352 915 4398 si
925 4352 1011 4400 clariss.
1028 4353 1133 4400 Parentii
1144 4355 1202 4401 ratio
1213 4354 1295 4410 valeat,
1307 4355 1362 4400 satis
1378 4365 1443 4414 patet

154 4413 466 4476 longiorestvectis;quod
474 4413 785 4476 videlicetrsctispertesed
815 4416 969 4464 reddendam
991 4418 1016 4463 in
1038 4418 1123 4464 minori
1145 4433 1193 4465 esse
1214 4419 1304 4465 ratione
1322 4417 1394 4480 quim
1416 4436 1444 4466 ea

155 4477 257 4526 celerius
266 4489 411 4536 moreanmr,
422 4476 471 4542 qud
482 4479 556 4543 maJ'or
566 4488 602 4527 est
612 4494 693 4526 earum
704 4481 733 4527 ab
740 4480 784 4540 hy·
817 4478 943 4528 velocitatis
951 4491 992 4529 cst.
1026 4483 1138 4529 Attamen
1147 4483 1232 4530 clariss.
1244 4483 1443 4540 Moschenbroelc,

155 4543 274 4604 pomoclio
292 4541 408 4599 distantia,
430 4543 456 4590 id
473 4553 553 4592 umen
570 4542 601 4591 ad
618 4555 695 4605 partes
711 4544 784 4591 medii
815 4543 882 4591 iactis
898 4546 1068 4606 experimentis,
1085 4548 1238 4594 resistentiam
1258 4547 1373 4595 velocitati
1390 4564 1444 4609 pro-

155 4606 223 4655 duidi
258 4624 296 4655 ua
312 4606 374 4655 ciret
392 4615 499 4656 centrum
514 4608 609 4673 aliquod
624 4607 782 4666 revolvuntur,
815 4609 968 4670 portionalem
986 4612 1011 4656 in
1029 4611 1131 4658 motibus
1150 4612 1288 4660 tardioribus
1304 4613 1399 4669 invenit,
1419 4614 1445 4658 in

154 4687 204 4719 nmr
215 4623 308 4720 videtur
318 4671 512 4720 transferendum.
547 4674 582 4722 Et
592 4674 647 4722 licet
654 4674 784 4721 Nesttonus
815 4671 963 4722 celerioribus
974 4675 1027 4722 sero
1038 4691 1090 4722 eom
1101 4677 1126 4723 in
1137 4678 1219 4741 majori
1229 4676 1301 4740 quim
1317 4676 1445 4723 velocitatis

137 4739 222 4784 orbes
239 4736 335 4790 solidos.
357 4736 560 4786 demonstrationis
577 4738 658 4803 gra'tia,
680 4735 784 4799 primltm
816 4738 905 4787 ratione
915 4742 1049 4787 observavit.

155 4800 237 4864 tingat,
255 4817 296 4850 eos
312 4814 391 4850 umen
402 4801 488 4850 divisos
498 4807 608 4864 supponit
619 4818 646 4851 ac
658 4801 744 4849 deinde
759 4803 785 4848 in
851 4803 958 4852 Assumit
970 4805 1002 4852 D.
1019 4806 1170 4853 Bemoullius
1181 4806 1341 4867 impressiones
1350 4800 1442 4848 orbium

154 4866 279 4975 ''imi'’
292 4867 428 4918 innumeras
445 4867 570 4916 subdividit
581 4878 608 4917 ut
618 4866 791 4981 (lesturnttratio³
805 4869 981 4976 ponuguorum
992 4871 1018 4916 in
1029 4886 1053 4917 se
1064 4870 1149 4920 mutuo
1160 4872 1239 4931 ison,
1255 4887 1304 4918 ese
1320 4870 1344 4914 in
1355 4864 1444 4910 munna

187 4940 224 4974 ot.
252 4960 260 4975 .
