3202 5446
162 481 275 546 Lrssrt
291 481 456 559 Saeuum]
505 479 745 547 PRINCIPIA
776 481 1145 547 MATHEMATICA.
1378 493 1433 552 711

163 677 282 743 gressu.
328 654 411 718 Nam
426 654 542 719 lineola
555 655 685 740 physica
698 657 709 716 i
723 681 752 736 γ,
768 656 999 741 quamprimum
1013 656 1054 720 ad
1068 656 1172 721 locum
1194 679 1286 721 suum
1310 659 1447 743 primum

162 764 298 843 redierit,
322 767 362 850 (¹¹)
378 767 532 852 quiescet3
555 789 657 852 neque
671 766 818 851 deinceps
839 767 1023 844 movebitur,
1046 767 1105 831 nisi
1120 767 1168 831 vel
1184 767 1224 831 ab
1238 768 1357 851 impetu
1378 790 1447 832 cor-

162 872 247 955 poris
262 869 395 949 tremuli,
412 872 461 936 vel
476 872 516 936 ab
530 872 648 957 impetu
663 873 811 957 pulsuum
826 874 879 958 qui
894 897 914 936 a
927 896 1060 957 corpore
1073 872 1207 937 tremulo
1221 887 1444 962 propagantur,

161 991 249 1043 motu
262 1001 345 1042 novo
367 980 493 1043 cieatur.
539 980 688 1054 Quiescet
708 980 803 1068 igitur
825 981 1055 1065 quamprimum
1075 981 1183 1064 pulsus
1198 1004 1217 1043 a
1232 1003 1362 1064 corpore
1384 996 1446 1045 tre-

161 1089 246 1151 mulo
260 1091 428 1176 propagari
442 1090 595 1154 desinunt.

291 1364 574 1442 PROPOSITIO
599 1366 762 1432 XLVIII.
810 1365 1081 1432 THEOREMA
1105 1366 1309 1433 XXXVIII.

156 1541 301 1603 Pultuttm
324 1541 357 1601 in
366 1541 472 1626 fluido
486 1543 607 1603 etastico
622 1551 861 1624 propagatorum
876 1542 1044 1604 velocitates
1057 1551 1126 1604 sunt
1148 1543 1181 1604 in
1195 1545 1315 1606 ratione
1329 1565 1443 1626 cortpo-

202 1644 260 1708 sint
275 1668 311 1707 ex
325 1645 532 1727 sttdduplicutci
554 1648 673 1708 ratione
693 1649 739 1710 uis
759 1649 890 1711 rusticae
912 1643 1024 1709 directi
1044 1656 1073 1708 et
1095 1647 1302 1729 sttbdttplicotti
1323 1653 1443 1713 ratione

200 1753 358 1815 densitatis
381 1749 517 1823 irtvcrse',·
540 1755 569 1816 si
582 1755 667 1816 modo
668 1753 770 1839 fluidi
785 1757 828 1816 nis
844 1756 968 1816 etastica
982 1752 1107 1835 ejusdem
1123 1757 1349 1818 condensationi
1364 1777 1441 1838 pro·

193 1848 379 1943 portionalis
394 1883 453 1925 esse
466 1853 659 1943 nmponatur.

200 2036 266 2097 Cas.
285 2043 313 2097 1.
338 2034 372 2099 Si
387 2034 489 2097 media
504 2035 566 2099 sint
580 2035 784 2123 homogenea,
806 2049 837 2098 et
858 2035 1004 2119 pulsuum
1027 2035 1180 2098 distantiae
1202 2036 1234 2097 in
1256 2035 1306 2098 his
1328 2037 1440 2100 mediis

155 2153 316 2226 aequentur
332 2140 412 2203 inter
427 2164 470 2217 se,
487 2142 542 2205 sed
557 2155 659 2204 motus
674 2142 706 2204 in
723 2163 786 2204 uno
802 2142 905 2205 medio
920 2143 1071 2205 intensior
1087 2142 1143 2204 sit:
1167 2144 1393 2207 contractiones
1409 2157 1441 2206 et

154 2247 349 2311 dilatationes
360 2248 497 2340 ¹portium
512 2248 713 2336 analogarum
729 2252 768 2334 (⁰)
786 2263 879 2314 erunt
894 2264 928 2313 ut
943 2249 1037 2313 iidem
1053 2263 1165 2313 motus.
1204 2251 1360 2315 Accusata
1371 2253 1440 2338 qui-

188 2440 223 2504 (¹)
243 2445 255 2471 ⁹
277 2444 394 2496 Quiescetr
423 2458 496 2503 nepte
517 2444 620 2504 deinceps
644 2444 776 2491 movebitur.
813 2440 846 2488 mi
858 2441 881 2488 in
893 2456 931 2488 ess
941 2448 1017 2501 partes
1027 2439 1140 2502 aliquotas
1152 2439 1224 2488 dividi
1234 2441 1322 2501 possint
1329 2458 1384 2505 quie
1393 2443 1440 2490 sint

157 2505 336 2564 Quamprimum
347 2504 432 2553 lineola
439 2505 613 2567 physiossysd
622 2506 699 2553 locum
707 2522 778 2554 suum
812 2506 874 2551 inter
884 2521 909 2552 se
919 2505 950 2552 sd
960 2504 1095 2562 unisonum,
1112 2514 1153 2552 sut
1168 2503 1231 2566 quod
1247 2505 1308 2552 idern
1326 2515 1368 2563 est,
1384 2522 1438 2568 qua

155 2571 255 2630 primunt
265 2569 363 2622 sedlerit,
382 2570 454 2628 ipsius
465 2570 572 2616 velocitas
582 2584 652 2631 quam
663 2569 776 2627 ordinata,
813 2569 951 2617 vibrationes
962 2568 1094 2615 isochronas
1104 2578 1222 2631 peragent,
1234 2570 1348 2615 ethorum
1358 2586 1439 2618 nerso-

154 2649 178 2679 m
190 2635 205 2687 i,
225 2649 314 2693 semper
330 2634 424 2693 exponit
441 2634 526 2695 (Prop.
542 2633 706 2681 XXXVIII.
727 2634 780 2682 Lib.
814 2649 867 2679 rum
882 2648 946 2680 unus
961 2632 1066 2693 pulsetur
1081 2646 1211 2694 sonumque
1230 2632 1291 2689 edat,
1312 2634 1374 2680 uerri
1391 2634 1439 2683 duo

157 2698 192 2758 I.)
212 2698 361 2760 extinguetur
368 2716 376 2755 ;
399 2708 422 2745 et
441 2698 545 2759 ejusdem
567 2697 659 2745 lineolis
680 2698 782 2746 densitas
814 2697 899 2744 seseirt
915 2708 991 2757 partes
1006 2713 1060 2743 suss
1075 2697 1189 2759 aliquotas
1206 2696 1277 2743 veluti
1293 2696 1396 2745 divident
1411 2711 1440 2748 ut

155 2763 234 2824 risque
252 2762 345 2809 elsatica
363 2763 443 2809 eudem
462 2763 505 2809 erit
520 2777 574 2809 curn
591 2761 704 2809 densitate
719 2772 744 2808 et
758 2763 782 2809 ri
814 2760 845 2807 ad
857 2761 984 2807 unisonum
1000 2760 1146 2807 reducantur.
1184 2760 1219 2808 Ut
1229 2761 1247 2806 si
1258 2761 1362 2822 ejusdem
1373 2765 1439 2810 nervi

154 2825 247 2873 elastici
264 2827 334 2886 partis
353 2827 375 2872 E
390 2827 412 2873 G
429 2826 500 2872 medii
510 2826 663 2888 quiescentis;
681 2824 782 2887 idebque
814 2825 936 2884 cupiantur
952 2835 1027 2884 partes
1038 2823 1091 2870 durs
1101 2839 1200 2885 qustum
1211 2824 1241 2870 sit
1252 2826 1310 2871 rstio
1320 2832 1336 2872 2
1346 2825 1403 2875 add
1415 2838 1439 2876 et

153 2891 263 2951 quiescet,
282 2892 324 2937 bc.
360 2893 373 2920 ⁶
389 2888 418 2936 Id
438 2889 510 2951 liquet
526 2904 554 2935 ex
566 2905 590 2935 n.
605 2895 642 2935 20.
657 2889 781 2936 additionis
813 2888 933 2950 tequsliter
945 2887 1077 2943 tendentur,
1089 2888 1205 2948 alteraque
1215 2902 1267 2946 pass
1277 2888 1389 2948 pulsetur,
1402 2890 1438 2938 di.

155 2966 239 2999 nostrae
250 2953 279 2999 de
292 2954 398 3000 Motibus
412 2953 435 2998 in
450 2952 535 2999 Fluido
548 2952 651 2999 Elsstico
664 2954 762 3000 Genitis.
813 2951 905 2998 ridetur
915 2951 991 2998 minor
1002 2965 1086 2997 nervus
1096 2951 1120 2996 in
1130 2960 1205 3010 psrtes
1216 2950 1281 3007 dues,
1294 2960 1318 2998 et
1328 2955 1403 3016 major
1412 2956 1438 3002 in

187 3023 241 3065 316.
263 3017 304 3063 Ex'
314 3017 349 3063 his
360 3015 499 3078 intelligitur
514 3014 634 3077 quomodd
649 3032 691 3076 per
706 3017 780 3064 vibra·
814 3025 889 3074 partes
899 3025 945 3061 tres
955 3014 1055 3077 equales
1065 3030 1118 3076 quar
1128 3013 1227 3076 singulas
1238 3015 1332 3062 seorsim
1346 3018 1439 3066 oscilla·

154 3082 228 3128 tiones
238 3081 371 3127 isocbronss
380 3080 481 3139 corporis
489 3079 617 3126 resonantis
625 3080 783 3139 producantur
814 3080 909 3125 buntur.
946 3079 1008 3126 Nmn
1027 3079 1116 3125 brevior
1134 3093 1218 3125 nervus
1234 3077 1333 3126 duarum
1354 3095 1438 3144 nempe

154 3146 180 3191 in
191 3146 243 3191 s'e‘re
257 3145 339 3205 pulsus
354 3145 439 3206 quibus
449 3143 480 3191 ad
491 3158 571 3191 aurern
589 3144 696 3203 appulsis
714 3144 741 3192 rit
756 3145 782 3192 in
814 3143 923 3203 partium,
940 3152 974 3190 ter
984 3142 1111 3190 oscillsndo
1120 3142 1179 3189 dum
1189 3157 1273 3190 nervus
1283 3144 1375 3208 longior
1385 3162 1437 3206 psr.

154 3211 221 3256 noble
231 3209 347 3268 perceptio
358 3208 416 3264 sunl,
434 3218 457 3255 et
468 3223 510 3255 cur
520 3208 580 3264 soni,
597 3217 699 3256 cessante
715 3219 781 3256 motu
813 3206 873 3254 tium
884 3206 962 3264 trium,
975 3207 1033 3254 durs
1043 3206 1197 3254 oscillationes
1206 3207 1304 3255 absolvit
1312 3211 1383 3273 (806)
1390 3211 1438 3260 fra.

153 3273 255 3320 tremulo
265 3273 366 3334 eorporis
377 3273 461 3329 sonori,
473 3272 550 3319 stetim
562 3282 659 3319 cessent.
694 3272 781 3336 Liquet
812 3271 943 3332 quentiores
954 3273 978 3318 in
990 3273 1042 3319 s'ere
1050 3271 1131 3331 pulsus
1140 3271 1330 3334 excitetquorum
1342 3289 1436 3324 recursu

154 3338 224 3384 etiarn
235 3348 302 3384 tonos
313 3354 327 3384 s
338 3352 436 3384 numero
446 3335 558 3396 pulsuum
569 3336 610 3397 qui
622 3337 647 3382 in
657 3337 710 3384 sire
720 3347 779 3384 tem-
812 3350 897 3382 rterrtn
913 3334 1004 3398 longior
1019 3334 1088 3382 citius
1103 3333 1173 3397 quim
1185 3352 1227 3396 pst
1237 3348 1271 3384 est
1281 3339 1396 3400 agitatum
1412 3351 1436 3388 et

154 3417 210 3462 pore
225 3402 280 3449 dato
296 3402 434 3457 excitantur,
453 3400 560 3462 pendere,
579 3399 635 3447 ctIrn
656 3404 709 3463 (per
726 3402 779 3450 Cor.
812 3415 867 3447 curn
887 3399 1006 3462 utriusque
1022 3399 1085 3446 nervi
1101 3400 1204 3462 a'e'tisque
1214 3410 1292 3448 motus
1308 3417 1350 3448 con
1397 3420 1435 3452 ere

156 3465 226 3526 Prop
240 3466 322 3529 hujus)
339 3481 451 3513 numerus
466 3465 577 3526 pulsuum
589 3464 684 3526 aqualis
694 3465 724 3512 sit
734 3481 779 3513 nu·
813 3478 860 3511 uon
871 3464 959 3524 possint
970 3464 1012 3510 nisi
1024 3462 1122 3527 singulis
1134 3479 1255 3512 nervorum
1264 3477 1340 3527 partes
1370 3467 1435 3530 'quo-

154 3545 218 3576 rnero
229 3531 384 3577 vibrationum
395 3546 423 3576 ex
436 3530 470 3577 itu
482 3540 507 3576 et
517 3528 593 3575 reditu
600 3530 779 3589 compositarum
812 3536 842 3574 tae
861 3538 885 3575 et
902 3529 1002 3591 oequdes
1018 3529 1112 3576 seorsim
1131 3528 1272 3586 oscillentur,
1294 3541 1374 3577 motus
1394 3532 1434 3580 ille

153 3610 211 3654 quas
221 3594 305 3641 chorda
317 3596 406 3641 musice
422 3593 519 3655 peregit,
536 3603 560 3640 et
575 3595 605 3639 ab
620 3594 666 3640 isto
682 3608 780 3642 numero
811 3592 945 3652 conspirans
958 3593 1041 3640 tamin
1052 3593 1127 3640 uersis
1142 3591 1213 3655 quim
1229 3594 1253 3639 in
1270 3593 1322 3640 siire
1338 3594 1434 3644 tandem

154 3668 262 3705 tonorum
273 3658 391 3705 diversitas
401 3659 489 3705 oriatur
501 3657 578 3721 (308).
749 3706 752 3711 ,
812 3657 954 3716 producitur.
989 3657 1023 3704 Et
1043 3658 1094 3704 hec
1114 3656 1208 3719 quidem
1227 3657 1251 3702 in
1271 3658 1434 3717 experimentis

186 3726 240 3770 817.
262 3722 406 3770 Patetetiam
415 3722 533 3784 quomodo
541 3722 686 3782 s'e'rispulsus
694 3738 778 3769 sonum
810 3721 905 3768 musicis
916 3719 949 3767 ru
960 3722 1094 3783 contingere
1104 3724 1254 3768 observarunt
1264 3721 1334 3770 Josn.
1349 3722 1433 3771 Wsllis

153 3797 177 3832 ct
187 3797 297 3833 tresnores
308 3788 332 3833 in
344 3787 396 3833 aliis
406 3787 541 3847 corporibus
550 3786 656 3832 unisonis
665 3798 707 3834 aut
723 3802 777 3834 oon·
812 3784 918 3845 Operum
929 3785 953 3831 in
965 3786 1003 3832 tot
1019 3785 1087 3832 Turn.
1104 3785 1139 3832 II.
1153 3801 1206 3847 pag.
1219 3791 1274 3833 ⁴66.
1305 3785 1339 3832 Et
1349 3785 1434 3836 deinde

153 3851 288 3898 sonantibus
299 3866 375 3898 cresse
385 3853 480 3911 possint.
518 3851 579 3897 Num
591 3849 645 3897 cino
657 3851 715 3897 s'e'ris
725 3851 778 3911 pul·
813 3849 931 3896 Acusticte
948 3850 1088 3897 instaurator
1107 3850 1140 3897 D.
1156 3850 1260 3896 Saureur
1275 3849 1300 3896 in
1320 3851 1430 3900 Manum.

153 3930 193 3960 sus
203 3917 227 3960 in
239 3930 335 3962 nervum
346 3916 462 3962 musicum
471 3914 567 3962 incurrit
577 3915 618 3976 qui
627 3916 777 3962 vibratiouent
812 3913 887 3960 Acsd.
903 3913 974 3960 Paris.
988 3929 1025 3960 sn.
1042 3920 1109 3962 1701.
1123 3913 1163 3960 ubi
1173 3913 1219 3961 alia
1229 3915 1386 3974 experImenta
1395 3931 1433 3964 rs-

152 3993 224 4026 urtsun
236 3995 263 4027 es
275 3980 310 4026 itu
322 3990 346 4026 et
356 3979 431 4026 reditu
444 3980 594 4040 compositam
606 3978 723 4026 absolvere
736 3996 777 4040 sp-
809 3976 855 4024 lert
872 3993 925 4040 qun
940 3993 969 4026 es
986 3978 1099 4038 predictis
1110 3977 1177 4025 facile
1194 3986 1290 4038 possint
1308 3979 1431 4040 expliosri;
1479 3973 1482 3980 ’

152 4052 191 4089 tus
207 4043 243 4098 sit,
264 4059 293 4090 eo
311 4053 414 4103 tempure
433 4059 480 4105 quo
496 4044 578 4103 pulsus
588 4057 654 4089 suam
665 4044 778 4102 percurrit
812 4046 860 4088 'et
870 4043 925 4090 inde
939 4042 1116 4106 ingeniosissimi
1133 4043 1261 4103 systematis
1276 4042 1306 4090 de
1322 4054 1430 4092 tonorum

152 4106 306 4160 latitudinem,
320 4119 571 4155 commoreturnerrus
581 4117 604 4152 et
614 4106 777 4168 oscillsturper
809 4105 960 4167 productione
976 4117 1000 4154 et
1016 4105 1136 4153 harmoniis
1154 4106 1305 4154 fundamenta
1321 4106 1432 4157 derivarit

152 4171 777 4233 exiguumlicetspatiumetrecurrentibusnovisstque
809 4170 841 4217 ill.
859 4170 889 4218 de
906 4171 998 4218 Maisan
1020 4171 1084 4218 omni
1102 4169 1170 4217 laude
1189 4172 1299 4230 superior.
1320 4171 1384 4233 quod
1400 4174 1431 4222 sd

153 4236 337 4295 conspirantibus
356 4237 414 4282 s'iris
434 4236 541 4296 pulsibus
561 4233 658 4281 celerius
676 4246 777 4297 agitatur
808 4236 897 4294 pmtm
918 4234 1050 4282 felicissimi
1068 4235 1181 4282 mrocstit
1198 4235 1232 4280 tir
1250 4235 1310 4282 inter
1328 4236 1431 4285 cruditos

150 4314 282 4361 sonumque
293 4299 374 4346 reddit.
411 4302 444 4347 At
454 4300 473 4345 si
485 4315 569 4346 nervus
579 4299 776 4347 vibrationessuas
810 4300 917 4360 Orpheos
927 4300 1094 4346 illustrissimus
1106 4299 1139 4347 D.
1155 4299 1267 4347 Ilsmeau.

151 4363 253 4425 integras
263 4379 304 4410 seu
316 4365 387 4410 exitu
399 4375 423 4410 et
434 4363 508 4410 reditu
520 4363 657 4438 compqsitss
668 4363 776 4424 perticere
840 4363 874 4424 (⁰)
888 4368 900 4394 '
914 4367 995 4413 Erunt
1006 4374 1034 4412 nt
1044 4366 1110 4410 iidem
1121 4373 1203 4412 motas.
1233 4364 1315 4412 Motus
1326 4365 1429 4414 enimilli

152 4427 776 4553 rsit‘tnttt‘tttdimittit?
808 4428 1428 4554 titititi‘ltl‘itttttttitttli

152 4555 287 4618 hujusmodi
300 4555 465 4602 vibrationibus
475 4556 775 4630 peragendissptssditidi3
810 4556 871 4603 rrae
881 4567 959 4604 tamen
971 4558 1089 4616 proportio
1103 4566 1209 4604 accurata
1220 4573 1266 4604 nun
1278 4569 1319 4612 est,
1337 4559 1356 4605 si
1372 4575 1428 4607 con·

152 4632 228 4681 partes
250 4620 304 4676 iliu,
327 4620 497 4682 quiescentibus
518 4620 657 4666 dttisionum
676 4623 776 4681 punctIs,
808 4621 1428 4686 tractionesetdilatationessintrsldeintentaquem.

151 4694 307 4746 congruenter
316 4684 345 4731 sd
357 4684 468 4745 pulsuum
480 4699 599 4731 recursum
610 4684 694 4731 sensim
703 4685 776 4747 agita·
808 4684 935 4732 sdmodum
951 4686 970 4731 si
986 4684 1071 4731 chorda
1086 4686 1173 4733 musica
1191 4686 1263 4734 nimii
1278 4687 1299 4733 ri
1315 4689 1427 4748 pulsetur,

152 4750 249 4805 buntur,
260 4748 443 4811 vibrationesquc
453 4764 507 4796 suss
516 4764 571 4796 curn
583 4749 688 4808 pulsibus
697 4751 776 4796 uniso-
809 4749 843 4795 vis
861 4750 944 4797 motrir
963 4749 1129 4810 perticulsrum
1146 4752 1197 4813 ejus
1212 4767 1260 4798 uon
1277 4763 1312 4799 est
1329 4754 1429 4813 amplius

151 4812 304 4878 persingulas
314 4813 440 4875 perficient.
469 4813 493 4862 Si
505 4813 630 4863 veroneni
641 4815 690 4862 duo
700 4814 782 4924 pror}
808 4813 982 4876 proportionalis
995 4813 1073 4875 spatiis
1088 4830 1129 4876 per
1144 4829 1196 4878 que
1212 4815 1279 4865 debet
1295 4819 1389 4876 moreti,
1405 4827 1430 4866 st
