3202 5446
151 437 261 503 Lmaa
275 435 442 512 Pariana]
487 430 730 497 PRINCIPIA
753 424 1128 492 MATHEMATICA.

664 601 839 667 LEMMA
863 599 922 666 IV.

154 762 185 826 a·
196 763 229 823 in
243 758 360 822 duatus
361 758 480 841 fleveris
495 758 525 819 A
541 780 560 820 a
575 779 592 820 c
608 755 647 833 E,
666 755 693 820 P
707 778 729 838 p
745 778 761 818 r
776 754 817 832 T,
834 755 1038 817 inscribantur
1055 753 1108 840 (at
1131 754 1237 840 affra)
1253 757 1321 817 duce
1329 756 1440 836 paral·

191 871 448 952 lelcgrammorum
464 867 563 942 series,
580 867 676 947 sitque
691 865 769 926 idem
783 862 933 924 ambonem
944 883 1091 940 numerus,
1108 871 1137 924 et
1151 862 1203 924 abi
1216 863 1392 925 latitudines
1407 864 1439 924 in

191 977 344 1060 irpinitum
359 975 577 1050 diminuuntur,
594 973 728 1034 rationes
737 970 849 1032 ultima
856 970 1207 1052 parallelogrammorum
1219 970 1252 1030 in
1266 967 1440 1053 ancifigard

192 1088 236 1148 ad
251 1084 545 1167 parallelogramma
568 1082 601 1142 in
616 1077 725 1155 alterii,
748 1076 931 1160 singaloncm
945 1077 988 1137 ad
1003 1077 1133 1159 singulo,
1149 1077 1211 1138 sint
1222 1077 1350 1148 eaedm5
1374 1078 1440 1138 dico

194 1195 273 1280 prad
279 1194 402 1277 figurae
415 1193 482 1253 dua
497 1190 527 1253 A
539 1212 558 1252 a
572 1210 590 1251 c
602 1186 640 1266 E,
658 1185 686 1250 P
700 1187 800 1269 prT,
814 1189 934 1250 suntad
944 1188 1066 1250 invicem
1079 1188 1112 1249 in
1124 1186 1225 1250 eddam
1241 1185 1296 1249 itta
1311 1187 1440 1249 ratione.

195 2641 325 2706 Etenim
340 2649 376 2700 ut
390 2644 464 2698 sunt
478 2630 770 2719 parallelogramma
791 2633 915 2722 singula
930 2634 970 2699 ad
985 2632 1116 2721 singula,
1140 2632 1184 2696 ita
1199 2632 1442 2719 (componendo)

160 2750 192 2814 lit
204 2769 329 2814 summa
349 2741 489 2806 omnium
511 2738 551 2802 ad
573 2762 727 2803 summam
742 2743 892 2821 omnium,
916 2753 946 2806 et
961 2743 1004 2806 ita
1018 2742 1120 2828 figura
1134 2739 1174 2803 ad
1189 2740 1339 2828 figuram3
1362 2742 1444 2804 exis-

157 2874 235 2924 tente
258 2857 409 2922 nimirum
432 2850 533 2938 figurrl
554 2850 659 2935 priore
675 2856 745 2936 (per
760 2852 894 2916 Lemma
910 2851 988 2931 ΙΙΙ.)
1012 2851 1052 2914 ad
1072 2872 1225 2913 summam
1243 2850 1390 2934 priorem,
1413 2863 1445 2913 et

157 2965 256 3055 figuti
272 2960 447 3050 posteriore
461 2957 502 3020 ad
517 2977 668 3019 summam
683 2958 887 3040 posteriorem
903 2958 935 3020 in
951 2958 1071 3020 ratione
1085 2955 1277 3041 aequalitatis.
1316 2954 1358 3030 Q.
1374 2955 1443 3018 ed.

199 3075 298 3139 eorol.
324 3060 414 3134 Hin'c
428 3066 454 3130 si
468 3064 540 3129 duae
555 3065 767 3151 cujuscunque
782 3067 908 3153 generis
924 3066 1110 3152 quantitates
1120 3062 1295 3127 ineundam
1308 3064 1444 3147 partium

156 3203 320 3246 numerum
350 3190 510 3260 utcunque
541 3172 737 3250 dividantur;
768 3188 800 3239 et
829 3189 934 3262 partes
965 3175 1036 3252 illae,
1074 3175 1129 3238 ubi
1161 3196 1308 3237 numerus
1338 3197 1444 3236 earum

156 3305 285 3382 augetur
299 3303 332 3353 et
347 3283 532 3374 magnitudo
547 3283 729 3347 diminuitur
745 3286 778 3348 in
792 3285 962 3364 infinitum,
986 3286 1088 3350 datam
1112 3285 1273 3349 obtineant
1294 3287 1452 3365 rationem·

155 3402 198 3465 ad
218 3401 362 3476 invicem,
389 3396 492 3482 prima
517 3394 557 3458 ad
582 3395 726 3477 primam,
756 3397 893 3460 secunda
919 3397 960 3460 ad
982 3397 1159 3475 secundam,
1185 3411 1367 3482 caeteraeque
1388 3417 1445 3458 suo

154 3511 264 3575 ordine
287 3509 330 3572 ad
353 3520 499 3570 caeteras:
527 3517 619 3569 erunt
633 3518 699 3569 tota
728 3506 769 3569 ad
794 3507 929 3571 invicem
950 3509 983 3571 in
1005 3508 1114 3572 eidem
1138 3507 1191 3571 illi
1218 3508 1289 3572 dati
1316 3508 1444 3570 ratione.

155 3619 239 3684 Nam
254 3618 282 3680 si
297 3616 331 3678 in
348 3614 519 3678 Lemmatis
533 3611 626 3696 hujus
640 3613 750 3701 figuris
767 3628 929 3678 sumantur
942 3614 1234 3702 parallelogramma
1254 3616 1334 3677 inter
1356 3635 1389 3675 se
1411 3624 1447 3676 ut

152 3768 261 3829 mpui
279 3775 357 3828 potest
369 3780 413 3827 pro
431 3765 649 3827 parallelogramma
671 3767 692 3812 A
710 3766 726 3819 1,
746 3775 788 3814 aut
819 3768 858 3815 hic
867 3768 985 3830 cylindrus
993 3769 1022 3817 sit
1033 3769 1204 3826 inliniteaimus,
1215 3778 1278 3830 patet
1287 3771 1339 3831 (per
1347 3766 1446 3814 Lemma

152 3836 224 3881 enm
236 3848 279 3894 pro
291 3830 370 3894 ligari
383 3833 405 3877 A
419 3830 442 3877 Β
453 3832 468 3877 b
478 3845 500 3882 ι,
517 3833 561 3878 hoe
572 3840 613 3886 cat,
625 3845 668 3890 pro
678 3830 789 3877 differen-
823 3833 857 3893 Ι.)
875 3834 982 3880 ultimam
999 3835 1111 3880 rationem
1122 3834 1190 3880 solidi
1208 3849 1236 3880 cx
1248 3832 1358 3893 cylindris
1369 3831 1446 3877 omni-

153 3900 306 3945 tinmrum
317 3894 498 3943 currilinearum
511 3894 534 3939 A
550 3894 628 3950 an,
643 3894 664 3940 B
678 3893 701 3939 E
712 3909 725 3940 c
736 3896 760 3940 b·
819 3899 864 3943 bus
882 3897 1002 3958 compositi
1019 3898 1049 3944 ad
1068 3899 1167 3946 solidum
1184 3913 1213 3944 ex
1232 3898 1346 3944 rotatione
1364 3895 1447 3957 ligura

189 3968 242 4011 108.
266 3960 358 4008 Euhie
372 3957 591 4020 aequiturdiveraos
606 3957 788 4005 esseinfinitesi-
821 3962 954 4008 currilineae
977 3963 1000 4008 A
1019 3963 1042 4008 E
1059 3978 1072 4010 e
1087 3978 1109 4020 a,
1132 3962 1239 4026 genitum
1261 3977 1310 4008 ease
1331 3962 1446 4006 rationem

154 4040 250 4074 norum
261 4024 372 4081 ordinem
390 4038 444 4070 nam
455 4033 574 4070 ostensum
585 4032 619 4069 eat
631 4025 701 4087 (107)
714 4022 788 4082 paral-
821 4026 964 4086 equalitatis.

299 4104 341 4135 um
355 4087 408 4143 xl,
425 4085 602 4135 intinitaimum
618 4102 667 4134 aeae
683 4097 789 4147 respectu
854 4091 889 4152 (¹¹)
910 4095 961 4138 110.
992 4090 1055 4138 Nam
1066 4091 1084 4137 si
1096 4091 1242 4154 singulorum
1259 4088 1447 4151 parallelogram-

155 4153 372 4217 pmtlelognmmi
393 4152 451 4206 Ab,
470 4152 514 4198 hoe
530 4149 585 4199 rard
601 4151 790 4213 parallelogram·
822 4169 914 4201 morum
926 4154 1128 4217 latitudoaequalia
1139 4166 1198 4202 esset
1210 4156 1277 4202 linere
1291 4156 1312 4201 A
1328 4154 1353 4206 F.
1366 4155 1448 4216 liguria

153 4235 223 4267 m
230 4217 411 4265 infiniteaimum
419 4229 469 4262 esee
475 4226 580 4277 respectu
589 4231 649 4263 aree
657 4216 791 4263 currilinea
822 4217 936 4278 inscripta
944 4230 966 4265 et
975 4220 1057 4281 figurae
1064 4220 1242 4280 circumscripta
1250 4218 1381 4265 differentia
1389 4219 1449 4265 foret

158 4287 182 4332 A
195 4285 218 4332 E
229 4299 244 4331 c
254 4299 277 4329 a.
822 4283 1065 4345 parallelogrammum
1075 4287 1097 4331 A
1108 4284 1124 4340 f,
1138 4285 1218 4348 (Lem.
1235 4283 1300 4344 ll·);
1313 4282 1367 4330 cum
1377 4283 1448 4344 igitur

190 4354 244 4397 109.
257 4347 348 4410 Figura
360 4347 383 4393 A
397 4345 421 4392 E
432 4360 476 4398 ea.
489 4346 549 4392 circa
560 4360 628 4392 axem
640 4360 710 4393 suum
726 4345 746 4391 A
758 4345 788 4397 E.
822 4346 968 4409 singulorum
981 4349 1249 4411 parallelogrammorum
1261 4348 1360 4395 latitudo
1371 4350 1448 4393 minor

156 4413 299 4467 melnen,
315 4420 341 4458 et
351 4409 462 4473 quelibet
477 4410 583 4457 ordinata
603 4411 626 4456 A
637 4425 659 4467 a,
674 4411 731 4466 Bb,
748 4408 789 4456 de-
822 4411 851 4456 alt
862 4411 984 4458 latitudine
996 4415 1019 4459 A
1032 4412 1058 4469 F,
1072 4414 1188 4475 (axbyp)
1200 4413 1309 4472 predicta
1321 4413 1449 4474 figurarum

156 4478 240 4525 nitet
250 4476 376 4531 circatam,
393 4475 462 4537 cujus
472 4484 514 4530 eat,
525 4475 632 4522 ordinata
643 4476 693 4536 ipae
703 4473 789 4530 radius,
822 4474 953 4523 differentia
971 4476 1048 4523 minor
1066 4492 1159 4539 quoque
1178 4487 1213 4523 cst
1231 4477 1448 4540 parallelogrammo

156 4542 279 4603 quodlibet
290 4539 454 4602 mungulum
466 4553 605 4586 umescens
615 4552 642 4585 ut
655 4538 681 4586 K
690 4539 720 4595 B,
732 4554 746 4585 ι
759 4539 788 4592 B,
825 4540 848 4585 A
860 4539 876 4585 f.

157 4603 413 4665 decibacyliadrum
419 4599 605 4656 ermescentem,
616 4603 790 4665 atrectangula,
856 4603 893 4666 (0)
908 4609 961 4651 lll·
984 4604 1109 4664 Piopterea
1120 4607 1156 4651 hae
1168 4605 1249 4668 ligura
1262 4607 1350 4654 ultima
1363 4603 1448 4668 (quoad

160 4668 210 4722 ¹1.
224 4671 247 4717 Ι.
257 4685 291 4726 m,
306 4670 334 4715 Μ
344 4683 369 4724 n,
381 4668 438 4726 Do,
450 4668 543 4730 cingula
550 4667 682 4715 describent
691 4668 792 4714 annulos
823 4669 958 4727 perimetros
968 4685 982 4716 a
993 4685 1006 4717 c
1017 4670 1052 4730 Ε)
1073 4685 1120 4715 non
1131 4681 1187 4716 aunt
1198 4671 1331 4728 rectilinea,
1348 4685 1388 4716 seu
1403 4682 1450 4713 non

157 4735 252 4790 toffloc,
267 4747 371 4796 quocum
382 4747 476 4780 summa
485 4732 583 4794 aqualia
593 4732 637 4779 crit
646 4731 752 4792 cylindro
761 4747 791 4778 ex
823 4743 877 4778 cunr
889 4748 916 4779 er
929 4733 1038 4780 lateribus
1048 4734 1115 4780 rectis
1147 4750 1280 4798 uocumque
1289 4749 1388 4781 numero
1399 4731 1449 4776 fini·

159 4800 274 4847 mbae
285 4794 416 4861 maguti
430 4796 609 4857 Aldeacripto·
646 4796 725 4851 Quare
735 4811 790 4844 cum
823 4807 848 4846 to
859 4799 1001 4859 componite,
1018 4749 1263 4863 redeuntlgurarum
1281 4797 1451 4845 rectilincamrn
