3188 5444
221 475 298 540 xxiv
752 474 980 542 Enlrottrs

220 649 438 737 sesquiplicata
452 649 669 715 distantiarum
684 674 703 714 a
720 649 797 728 sole,
820 661 946 734 oportet
958 649 1095 735 panum
1118 647 1244 712 vorticis
1266 643 1416 731 periodos
1438 664 1514 709 ean·

220 755 293 819 dem
308 757 461 821 rationem
476 742 609 822 servare.
655 755 737 821 lnde
754 754 830 820 verb
848 756 999 842 sequitur,
1015 755 1096 819 vires
1108 753 1300 842 'oenuifngns
1314 751 1429 816 barum
1441 771 1515 836 par·

220 865 299 929 tium
320 864 387 930 iore
409 864 568 950 reciproce
590 877 626 930 ut
649 865 802 954 quadrata
826 865 1054 930 distantiarum.
1099 865 1183 942 Quae
1208 865 1304 954 igitur
1328 864 1447 950 majore
1467 861 1516 925 in-

220 971 351 1037 tervallo
373 972 490 1038 dieunt
504 996 524 1037 a
538 984 658 1052 centro,
680 974 823 1038 nituntur
846 973 1023 1039 abeodem
1043 972 1191 1038 recedere
1210 974 1334 1037 minore
1355 971 1404 1034 vi:
1431 968 1517 1034 unde

219 1083 246 1145 si
274 1081 378 1148 minds
405 1083 512 1149 densae
536 1082 662 1161 fuerint,
689 1104 818 1148 necesse
843 1092 891 1148 es't
914 1095 952 1148 ut
980 1064 1095 1148 cedent
1120 1082 1152 1146 vi
1172 1081 1293 1167 majori,
1317 1077 1380 1167 qui
1407 1089 1515 1164 partes
1568 1104 1572 1116 ·

220 1200 329 1253 centro
349 1190 519 1275 propiores
544 1189 717 1255 ascendere
746 1201 910 1255 conantur.
967 1187 1150 1255 Ascendent
1164 1210 1242 1277 ergo
1264 1186 1437 1263 densiores,
1458 1183 1503 1249 de

220 1296 372 1362 scendent
394 1297 499 1362 minus
513 1296 631 1375 densoe,
656 1310 689 1362 et
712 1296 856 1361 locomm
877 1297 934 1361 liet
955 1296 1090 1361 invicem
1108 1294 1318 1381 permutatim
1346 1293 1451 1359 donec
1472 1291 1517 1356 iu

215 1404 479 1491 'fueritdisposita
493 1417 587 1492 atque
595 1404 746 1469 ordinata
766 1405 899 1470 materia
914 1403 1013 1469 fluida
1026 1404 1121 1470 totins
1136 1403 1272 1480 vorticis,
1295 1413 1332 1466 ut
1350 1400 1515 1488 conquies-

220 1533 292 1576 cere
301 1513 369 1598 jam
379 1512 479 1598 possit
492 1512 526 1576 in
550 1512 727 1599 aequilibrio
745 1513 924 1577 constituta.
970 1512 1093 1578 sibim
1113 1511 1222 1591 fluida,
1245 1533 1380 1599 qrromm
1394 1509 1514 1576 diversa

219 1634 266 1686 est
280 1620 427 1698 densitas,
451 1620 485 1684 in
510 1619 622 1685 eodem
636 1642 710 1685 vase
733 1620 953 1697 continentum
976 1620 1085 1708 utique
1107 1619 1248 1685 futurum
1262 1631 1311 1685 est
1324 1630 1361 1684 ut
1372 1618 1516 1696 fluidum,

185 1709 188 1715 ⁵
220 1729 308 1813 cujus
322 1727 421 1813 major
435 1739 484 1791 est
498 1727 646 1805 densitas,
669 1728 788 1813 majore
801 1727 834 1792 vi
846 1728 1008 1816 gravitatis
1020 1728 1167 1793 infimum
1179 1739 1267 1814 petat
1280 1728 1403 1793 locum:
1425 1739 1458 1792 et
1468 1749 1518 1792 ra·

220 1839 305 1903 tione
319 1859 385 1902 non
399 1838 535 1903 absimili
549 1839 680 1904 omnini)
691 1839 861 1906 dicendum
882 1852 941 1918 est,
965 1839 1126 1904 densiores
1141 1839 1267 1908 vorticis
1281 1850 1387 1924 partes
1400 1839 1518 1923 majore

220 1945 251 2008 vi
265 1945 439 2034 cenuifugd
453 1959 561 2032 petere
574 1968 758 2031 supremum
772 1946 887 2011 locum.
933 1946 1019 2010 Tota
1031 1946 1128 2033 igitur
1141 1945 1196 2009 illa
1215 1959 1248 2010 et
1260 1944 1361 2010 multb
1381 1944 1518 2010 maxinn

219 2078 293 2141 pars
316 2055 454 2132 vorticis,
478 2077 550 2141 quse
568 2056 654 2140 jacet
677 2054 768 2121 extri
782 2055 902 2120 telluris
929 2056 1049 2134 orbem,
1073 2055 1261 2122 densitatem
1271 2057 1404 2122 babebit
1426 2069 1518 2144 atque

220 2161 302 2226 adeb
315 2162 380 2226 vim
394 2161 590 2246 inertirepro
604 2160 689 2225 mole
702 2161 854 2239 materiae,
871 2183 945 2248 ane
967 2183 1033 2226 non
1055 2163 1160 2226 minor
1181 2163 1242 2228 erit
1264 2161 1359 2249 qnam
1374 2163 1518 2229 densitm

221 2281 254 2336 et
275 2269 322 2334 vis
337 2268 460 2334 inertioe
473 2267 612 2332 telluris:
636 2267 712 2332 inde
726 2267 802 2333 verb
817 2269 948 2334 cometis
962 2269 1099 2356 trajectis
1114 2270 1234 2335 orietur
1246 2271 1359 2358 ingens
1368 2272 1519 2336 resisten-

223 2378 276 2454 tia,
299 2387 332 2440 et
345 2375 437 2440 valde
458 2374 630 2440 admodum
650 2376 805 2441 sensibilis
815 2401 825 2454 3
848 2399 890 2443 ne
902 2377 1017 2457 dicam,
1042 2400 1113 2466 quae
1134 2392 1257 2444 motum
1277 2379 1451 2444 eorundem
1464 2402 1519 2466 pe·

221 2485 306 2552 nittls
318 2485 428 2552 sistere
442 2497 536 2574 atque
557 2486 727 2554 absorbere
746 2509 841 2573 posse
860 2488 976 2552 meritb
997 2488 1150 2554 videatur.
1197 2489 1332 2554 Constat
1351 2502 1457 2553 autern
1480 2512 1522 2556 ex

222 2609 311 2663 motu
325 2606 519 2660 cometarum
531 2592 662 2679 proretis
677 2595 824 2684 regulari,
846 2595 965 2660 nudam
985 2597 1072 2682 ipsos
1087 2597 1292 2662 resistentiam
1305 2599 1371 2684 pati
1384 2619 1457 2686 quoe
1471 2599 1522 2665 vel

223 2701 389 2770 minimum
399 2703 516 2768 sentiri
529 2715 652 2787 potest3
674 2716 768 2790 atque
779 2703 860 2769 oded
874 2705 1057 2791 neutiquam
1076 2706 1110 2769 in
1123 2707 1286 2771 materiam
1302 2705 1399 2772 ullam
1413 2708 1521 2772 incur·

224 2839 304 2896 sare,
328 2819 415 2904 cujus
430 2818 534 2905 aliqua
545 2818 585 2882 sit
599 2818 645 2882 vis
667 2817 843 2896 resistendi,
866 2818 916 2882 vel
939 2818 1079 2908 proinde
1099 2821 1186 2905 cujus
1207 2819 1312 2906 aliqua
1326 2819 1367 2884 sit
1383 2820 1522 2886 densitas

225 2951 281 2993 seu
293 2929 342 2994 vis
356 2930 486 2995 inertioe.
532 2930 617 2994 Nem
631 2929 807 2995 resistentia
827 2928 1004 2994 mediorum
1019 2930 1126 2993 orimr
1138 2928 1188 2993 vel
1197 2929 1243 2993 ‘s'b
1258 2930 1370 2994 inertia
1382 2931 1523 2995 materiae

223 3037 342 3118 fluida,
366 3039 414 3103 vel
429 3062 449 3103 a
463 3038 586 3103 defectu
601 3036 796 3103 lubricitatis.
842 3036 926 3113 Quoe
940 3037 1041 3101 oritur
1062 3059 1082 3100 a
1101 3035 1225 3101 defectu
1248 3037 1442 3114 lubricitatis,
1466 3039 1524 3102 ad·

219 3144 356 3208 modum
370 3145 485 3233 exigna
506 3157 570 3222 est3
593 3155 626 3209 et
647 3142 722 3208 sane
742 3145 798 3208 vix
818 3142 978 3208 observari
1000 3156 1103 3228 potest
1124 3145 1158 3207 in
1178 3143 1287 3208 fluidis
1309 3143 1405 3232 vtdgb
1427 3147 1521 3224 notis,

224 3256 287 3320 nisi
300 3255 392 3321 valde
406 3257 534 3322 'tenacia
551 3255 672 3322 fuerint
691 3254 732 3319 ad
753 3256 852 3320 instar
868 3255 930 3319 olei
950 3267 982 3319 et
995 3253 1107 3318 mellis.
1154 3254 1345 3319 Resistentia
1365 3275 1437 3341 quae
1452 3279 1521 3321 sen·
1568 3295 1573 3303 ·

229 3365 437 3443 titurinab're,
457 3388 548 3455 aqua,
571 3356 779 3454 hydrargyro,
801 3376 834 3430 et
854 3364 1036 3450 hujusmodi
1054 3363 1161 3428 ¹'fluidis
1185 3384 1250 3428 non
1272 3362 1433 3428 tenacibus
1458 3365 1521 3432 fere'

221 3488 294 3542 tota
312 3489 358 3542 est
372 3477 486 3562 prioris
500 3475 643 3564 generis3
669 3481 701 3539 e't
714 3472 813 3536 minui
827 3485 1010 3558 nonpotest
1024 3493 1081 3558 per
1101 3471 1283 3537 ulteriorem
1297 3492 1521 3561 'quemcunque

227 3583 362 3672 gradum
385 3582 573 3658 subtilitatis,
595 3590 742 3645 manente
761 3579 850 3644 fluidi
867 3578 1023 3645 densitate
1044 3579 1094 3643 vel
1117 3579 1148 3642 vi
1170 3579 1302 3656 inertiae,
1325 3579 1376 3642 cui
1398 3602 1520 3666 semper

227 3690 470 3777 proportionalis
491 3702 539 3755 est
552 3688 623 3753 boeo
644 3688 836 3765 resistentia,
859 3687 1125 3775 quemadmodum
1140 3685 1310 3752 clarissime
1329 3687 1522 3755 demonstra

229 3811 297 3863 tum
311 3811 359 3863 est
371 3798 413 3862 ab
427 3809 554 3862 sudore
568 3809 678 3861 nostro
692 3797 724 3860 in
734 3796 921 3884 peregregiis
934 3796 1180 3863 resistentiarum
1196 3795 1328 3875 theoriis,
1342 3819 1414 3885 quoe
1428 3801 1522 3884 pauli

229 3926 314 3972 nnnc
336 3906 510 3972 accuratids
525 3906 703 3991 exponitur,
719 3902 930 3970 hac-secundi
952 3905 1075 3982 vice-et
1094 3925 1152 3990 per
1172 3906 1389 3991 experimenta
1412 3928 1522 3993 corpo·

146 4095 155 4104 ι
231 4038 303 4080 rum
318 4016 497 4084 cadentium
511 4012 637 4101 plenius
658 4013 872 4079 confirmatur.

275 4127 421 4213 Corpora
432 4123 666 4214 progrediendo
680 4135 800 4188 motum
814 4144 907 4188 suum
920 4122 1020 4187 fluido
1042 4122 1190 4189 ambienti
1212 4125 1363 4210 paulatim
1385 4147 1524 4190 commu·

223 4236 347 4313 micant,
371 4249 403 4301 et
425 4231 689 4300 communicando
710 4232 867 4310 amittunt,
888 4230 1062 4296 amittendo
1078 4243 1192 4296 >autem
1212 4233 1420 4299 retardantur.
1467 4231 1527 4299 Rst

232 4343 336 4429 itaque
351 4343 521 4408 retardatio
534 4340 633 4405 mottti
648 4339 1154 4423 communicato·pmportionalis;
1176 4354 1281 4405 motus
1295 4360 1370 4403 vero
1384 4361 1527 4405 commu·

233 4452 363 4528 nicetus,
380 4451 434 4514 ubi
449 4450 542 4514 datm
564 4448 705 4532 eorporis
726 4447 956 4536 progredientis
970 4447 1129 4526 velocitas,
1145 4462 1193 4513 est
1207 4461 1242 4513 ut
1260 4447 1348 4512 fluidi
1368 4447 1507 4516 densitas
1516 4475 1526 4528 3

234 4581 311 4649 ergo
330 4557 499 4622 retardatio
514 4579 569 4622 seu
584 4557 758 4621 resistentia
780 4557 840 4620 erit
860 4568 896 4619 ut
917 4554 1026 4620 eadem
1048 4557 1138 4620 fluidi
1158 4556 1312 4634 densitas3
1335 4578 1437 4645 neque
1461 4558 1528 4623 ullo

236 4679 329 4753 pacto
345 4665 411 4731 tolli
426 4677 540 4751 potest,
556 4665 615 4729 nisi
631 4663 762 4729 alluido
777 4662 817 4728 ad
840 4675 944 4749 partes
960 4665 1099 4748 corporis
1114 4665 1249 4749 posticas
1273 4679 1453 4730 recurrente
1477 4688 1527 4731 re-
