3202 5446
78 494 194 562 Lrnsn
204 488 371 573 Sicorin]
403 491 646 560 PRINCIPIA
669 490 1041 562 MATHEMATICA.
1293 432 1366 558 891Χ

72 665 281 756 quantitatem
301 663 494 749 imprimant,
520 676 553 728 et
572 664 707 728 vicissim
729 669 801 749 (per
813 662 920 731 motis
940 664 1045 754 legem
1065 664 1203 746 tertium)
1217 663 1370 752 sequetem

71 777 115 844 sb
128 776 239 843 eidem
253 777 444 843 reactionem
458 776 626 863 patiantur,
641 777 704 842 hoc
714 789 771 855 est,
787 776 1157 865 aequuliterrssistunmr:
1171 775 1370 842 menifestum

69 898 122 952 est
135 885 229 952 etism
243 884 330 972 quod
343 886 377 951 in
391 885 532 972 ejusdem
545 885 706 950 densitatis
719 885 825 950 fluidis
846 884 991 964 elusticis,
1013 884 1068 972 ubi
1088 881 1279 949 velocissimi
1299 905 1369 946 mo-

69 1008 193 1074 ventur,
216 995 352 1082 aequnles
368 996 430 1061 sint
443 1017 553 1060 eorum
571 994 755 1061 rmistentiae
776 1015 872 1080 quam
885 992 1047 1080 proximi3
1069 992 1134 1057 sive
1146 991 1245 1058 fluido
1258 990 1312 1057 illu
1326 1012 1366 1055 ex

68 1105 231 1193 puticulis
245 1106 449 1171 crassioribus
464 1117 618 1183 constent,
634 1105 700 1169 sive
710 1125 753 1170 cx
761 1104 903 1169 onmium
911 1102 1118 1171 subtilissimis
1127 1101 1365 1166 constituantur.

69 1212 227 1280 Eumedii
237 1214 406 1281 subtilitate
414 1214 590 1281 resistentia
599 1212 806 1300 projectilium
816 1211 978 1279 celerrimi
988 1224 1147 1277 motorum
1155 1229 1223 1274 non
1232 1207 1365 1274 multum

67 1320 263 1387 diminuitur.
1333 1326 1336 1331 ·

113 1429 212 1495 Corui.
228 1437 259 1494 6.
305 1426 390 1514 Haec
404 1427 510 1493 omnis
524 1430 568 1492 itu
584 1451 617 1493 se
631 1427 749 1492 habent
763 1428 798 1491 in
810 1426 927 1505 fluidis,
949 1446 1085 1513 quorum
1106 1425 1152 1490 vis
1174 1424 1301 1490 elsstics
1321 1444 1363 1487 ex

65 1538 291 1626 particularum
314 1537 430 1602 viribus
445 1537 627 1626 centrisugis
641 1536 795 1624 originem
809 1535 906 1609 ducit.
952 1534 1049 1611 Quod
1064 1533 1091 1598 si
1106 1534 1152 1598 ris
1166 1533 1220 1598 illa
1235 1531 1362 1599 aliunde

66 1647 197 1726 oriatur,
221 1645 317 1711 veluti
338 1669 379 1710 ex
400 1647 623 1730 particulorum
644 1646 837 1732 expansione
850 1645 892 1710 sd
906 1645 1004 1708 instur
1027 1643 1110 1707 lsnoe
1131 1644 1182 1708 vel
1202 1664 1363 1708 rumorum

66 1758 230 1836 arborum,
245 1768 300 1821 aut
314 1779 355 1821 ex
369 1755 430 1820 ulii
445 1755 554 1842 quivis
568 1755 671 1834 cousi,
694 1756 756 1843 qui
771 1767 874 1820 motus
888 1753 1112 1840 particularum
1131 1753 1213 1818 inter
1234 1775 1268 1817 se
1289 1751 1363 1817 red·

63 1864 184 1933 duntur
204 1866 307 1931 minus
328 1865 436 1930 liberi:
462 1866 646 1944 resistentie,
668 1866 710 1930 ob
724 1867 879 1931 minorem
892 1863 989 1930 medii
1002 1864 1198 1955 fluiditatem,
1221 1863 1281 1929 crit
1294 1884 1362 1927 ms·

57 1978 114 2063 jor
127 1975 223 2062 quim
235 1975 269 2039 in
284 1973 497 2060 superioribus
513 1973 705 2038 Corollariis.

217 2227 503 2296 PROPOSITIO
526 2225 696 2292 XXXIV.
740 2223 1016 2292 THEOREMA
1037 2223 1208 2292 XXVIII.

60 2422 99 2490 Si
108 2421 215 2508 globus
228 2431 259 2486 et
272 2425 425 2508 cylindnis
438 2425 604 2509 equentibus
618 2427 776 2492 diametris
789 2429 943 2512 descripti,
960 2431 994 2493 in
1008 2432 1106 2494 medio
1119 2453 1194 2496 raro
1206 2455 1245 2497 ee
1251 2433 1358 2518 purti-

103 2530 179 2595 culis
192 2530 358 2614 aemwlibru
372 2539 401 2594 et
415 2532 459 2595 ad
470 2535 600 2618 aeqrmes
612 2533 652 2597 ab
667 2535 792 2599 invicem
812 2524 977 2601 distantius
997 2533 1092 2602 liberi
1113 2540 1266 2623 dispositis
1287 2562 1353 2605 con·

102 2649 212 2718 stante,
227 2637 384 2705 secundior
392 2643 519 2728 plegem
533 2645 603 2709 aeis
614 2646 756 2730 cylindri,
778 2648 892 2732 eeqrculi
905 2670 969 2712 eron
983 2650 1140 2714 velocitate
1160 2663 1354 2717 moneantrn:

101 2751 163 2816 erit
175 2750 347 2815 resistentia
359 2752 445 2836 globi
458 2754 550 2837 duplo
564 2754 663 2819 minor
677 2752 765 2840 qudm
779 2759 952 2823 resistentia
967 2761 1109 2844 cylindri.

101 2917 187 2984 Num
208 2921 355 3006 quonium
378 2922 460 2986 actio
481 2924 577 2988 medii
598 2926 631 2989 in
652 2948 767 3011 corpus
782 2928 892 2992 eodem
906 2941 955 2994 est
977 2935 1048 3015 (per
1060 2917 1168 3021 legum
1184 2933 1292 3000 Corol.
1309 2937 1354 3020 ὅ.)
1448 2956 1452 2963 ·

57 3028 123 3096 sive
144 3053 259 3117 corpus
280 3032 313 3096 in
335 3033 442 3099 medio
463 3035 641 3121 quiescente
661 3050 833 3117 moveatur,
858 3039 924 3105 sire
946 3040 1042 3106 medii
1062 3041 1225 3128 particule
1242 3042 1355 3112 eidem

56 3160 130 3204 cum
143 3140 307 3206 velocitate
330 3142 368 3229 (ι)
384 3143 608 3232 impinguatio
622 3168 736 3231 corpus
751 3147 855 3233 quies-

57 3266 145 3313 cens:
156 3249 389 3316 consideremus
399 3274 513 3338 corpus
522 3264 671 3340 tanquam
680 3255 852 3342 quiescens,
921 3250 953 3299 θ’
1029 3253 1068 3300 Κ
1157 3256 1193 3306 Ν

57 3367 90 3420 et
103 3355 264 3422 videamus
290 3382 354 3446 quo
379 3362 497 3446 impetu
519 3362 685 3450 urgebitur
706 3388 726 3428 a
748 3364 853 3429 medio
937 3333 1027 3469 r
1052 3336 1200 3470 Μὴ
1258 3391 1289 3437 1.
1322 3383 1345 3434 Ρ

56 3474 213 3529 movente.
256 3465 412 3556 Designet
436 3470 532 3556 igitur
559 3471 718 3538 ABKI
739 3495 853 3560 corpus
1056 3455 1264 3589 av
1361 3507 1365 3514 ·

55 3569 246 3664 sphericum
261 3589 370 3640 centro
388 3579 416 3642 C
431 3579 676 3645 semi-diametro
693 3581 721 3647 C
737 3583 768 3648 A
783 3583 853 3648 des-
905 3561 928 3605 ¹
1182 3577 1186 3588 ⁵
1215 3551 1250 3597 D

55 3678 202 3765 ceptum,
219 3694 251 3745 et
261 3682 401 3750 insum
409 3687 572 3772 particulae
586 3690 682 3755 medii
696 3689 853 3756 daucum
936 3659 1011 3809 k
1053 3595 1164 3806 w

53 3785 218 3853 velocitate
232 3789 266 3853 in
281 3813 395 3877 corpus
417 3793 498 3860 illud
519 3797 719 3882 sphoericum,
743 3822 854 3864 secun-

54 3893 132 3960 dum
153 3906 255 3962 rectus
277 3896 337 3984 ipsi
354 3902 383 3966 A
402 3902 430 3967 C
451 3903 632 3987 parallelus:
659 3907 761 3993 sitque
777 3908 850 3973 FB

54 4006 207 4090 ejusmodi
222 4021 317 4074 rectu.
361 4012 400 4077 In
416 4013 452 4077 ei
468 4016 609 4099 cupiatur
635 4017 660 4081 L
678 4017 708 4082 B
730 4018 977 4085 serni-diametro
992 4019 1021 4084 C
1038 4018 1219 4106 Boequulis,
1245 4029 1277 4083 et
1290 4017 1350 4083 du·

54 4127 144 4181 cuuis
159 4117 188 4183 B
203 4118 238 4184 D
253 4143 325 4207 quoe
341 4123 497 4208 sphaerurn
512 4138 622 4215 tangat
635 4126 668 4191 in
684 4128 723 4192 B.
768 4129 807 4195 In
824 4129 858 4195 K
874 4130 903 4195 C
917 4141 952 4195 et
966 4130 995 4195 B
1011 4129 1046 4195 D
1060 4129 1264 4194 demittuntur
1277 4151 1351 4216 per-

54 4223 272 4310 pendiculares
288 4231 317 4296 B
330 4231 369 4310 E,
386 4232 416 4297 L
427 4233 472 4311 D,
488 4247 521 4299 et
534 4235 582 4299 vis
596 4233 658 4321 qui
672 4237 826 4321 particula
839 4237 945 4317 medii,
962 4235 1136 4302 secunddrn
1147 4249 1264 4303 rectum
1281 4238 1308 4303 F
1321 4239 1350 4303 B

54 4332 181 4421 obliqud
205 4335 383 4417 incidendo,
409 4339 541 4428 globum
561 4341 633 4407 ferit
654 4342 688 4407 in
711 4344 750 4423 B,
773 4345 833 4408 erit
847 4345 888 4410 ad
903 4346 967 4410 vim
982 4344 1043 4433 qui
1065 4348 1219 4431 particulo
1240 4349 1350 4415 codem

53 4438 232 4526 cylindrum
248 4442 280 4508 Ο
296 4444 330 4509 N
346 4446 378 4511 G
394 4447 427 4523 Q
442 4470 502 4512 axe
518 4450 549 4512 A
566 4449 594 4515 C
610 4450 626 4515 1
642 4450 726 4515 circs
746 4452 876 4539 ‘globum
899 4453 1090 4539 descriptum
1111 4457 1350 4542 perpendicula·

919 3846 954 3894 0·
1151 3843 1177 3892 0

85 4613 123 4679 (ἵ)
141 4616 155 4644 ⁶
167 4618 304 4692 infringunt
322 4621 348 4666 in
367 4636 451 4681 cerpus
471 4623 599 4684 quiescens.
637 4622 688 4672 Es·
720 4624 872 4676 menifestum
894 4634 930 4676 sst
949 4635 992 4688 per
1012 4625 1090 4675 most·
1110 4629 1156 4692 leg.
1178 4635 1202 4678 3.
1221 4630 1276 4693 quis
1296 4630 1351 4679 sut.

54 4675 110 4753 dens
126 4678 456 4758 enimestroutroquecssu
475 4685 689 4748 relocimsrsspeo·
721 4689 780 4736 duos
801 4698 827 4738 et
847 4705 932 4752 corpus
952 4693 983 4738 ob
1004 4691 1144 4740 mucro
1164 4695 1250 4743 ustioni
1271 4711 1351 4759 :qus-

53 4751 109 4801 nrs,
134 4745 263 4819 qdonqus
285 4746 383 4807 prorndi
404 4763 439 4794 vu
460 4750 616 4809 percusionis
637 4754 690 4816 (per
721 4753 767 4801 lem
780 4755 962 4814 «nimrim,
978 4754 1115 4820 inuusque
1128 4755 1351 4811 mutuamini

52 4804 114 4854 deun
144 4821 170 4855 ur
199 4809 255 4857 Cor.
280 4814 303 4859 5.
333 4810 381 4875 teg.
405 4812 478 4874 mot.)
506 4813 570 4863 idem
596 4829 689 4880 quoque
720 4827 801 4882 egunt.
