3202 5446
335 917 634 1017 INDEX
679 918 1086 1017 CAPITUM

458 1233 745 1300 VOLUMINIS
776 1233 935 1299 PRIMI.

612 1537 778 1562 ἊἈἊἈῆἱἎ

63 1747 253 1829 onium
253 1786 1250 1808 ......................................................................
1275 1679 1336 1807 1³⁸‘1'

62 1853 230 1930 Αιίοηιαὶα,
252 1855 313 1916 sive
324 1850 425 1935 Leges
439 1850 544 1915 Motus
544 1892 1250 1913 ..................................................
1299 1858 1338 1915 15

353 1962 410 2027 Dv
425 1960 535 2026 Movv
551 1959 749 2032 Convouvu
765 1946 1040 2023 Lmvn'Pumvs.

61 2071 153 2137 Sne-r.
169 2072 196 2137 Ι.
272 2073 325 2137 De
338 2073 473 2135 metbodo
486 2071 812 2152 notionumprimomm
826 2078 856 2131 et
870 2069 1041 2130 ultimorum
1045 2109 1252 2129 ...............
1297 2074 1338 2130 45

61 2180 210 2246 Sucull.
266 2181 1249 2262 Deinventioneviriumcompetenti...........................
1297 2185 1338 2242 65

60 2289 147 2354 Sucr.
164 2288 227 2354 III.
264 2291 319 2353 De
332 2299 413 2352 motu
426 2310 580 2371 conpotum
596 2291 629 2351 in
643 2290 754 2352 conicis
766 2287 942 2351 sectionibus
963 2288 1137 2349 excentricis
1137 2329 1251 2349 .........
1279 2293 1338 2349 118

60 2399 146 2464 Ster.
162 2397 222 2463 IV.
267 2400 322 2462 De
333 2400 503 2462 inventione
513 2397 626 2461 orbium
636 2399 843 2480 elliptieoium,
853 2397 1096 2479 parabolicoium
1106 2407 1136 2460 et
1144 2397 1253 2481 bypen-

310 2505 473 2567 bolicoinm·
484 2527 521 2568 en
534 2505 672 2567 umbilico
688 2506 1251 2568 doto
1278 2511 1339 2569 185

42 2608 146 2679 ,sne-r.
160 2610 204 2674 V.
268 2613 323 2675 De
338 2613 509 2674 inventione
522 2612 636 2674 orbium
650 2611 702 2673 ubi
715 2611 868 2674 umbilicus
882 2621 987 2674 neuter
1001 2613 1093 2675 datur
1093 2655 1250 2675 ............
1278 2620 1338 2676 146

59 2717 145 2781 Svcr.
160 2717 220 2780 VI.
265 2719 320 2781 De
335 2719 505 2781 inventione
519 2727 645 2780 motuum
657 2720 690 2781 in
705 2718 824 2781 orbibus
838 2720 920 2782 dotis
920 2762 1249 2782 ........................
1274 2727 1335 2783 101

61 2824 145 2889 Svcv.
160 2824 241 2888 VII.
267 2826 321 2889 De
334 2846 489 2907 conpotum
499 2827 808 2889 oscensuetdeseensu
820 2827 975 2888 rectilineo
976 2868 1250 2889 ....................
1275 2834 1339 2893 116

62 2934 146 2999 Svcr.
158 2936 257 3001 VIII.
266 2937 320 3000 De
335 2937 505 2999 inventione
519 2937 632 2998 orbium
647 2939 681 2999 in
696 2936 799 3019 quibus
812 2956 939 3018 euporo
953 2936 1066 2999 viribus
1080 2936 1254 3019 quibusmu-

310 3065 366 3126 que
380 3045 552 3126 oentripetis
566 3045 687 3128 agitato
697 3045 888 3107 revolvuntur
888 3087 1250 3106 ..........................
1276 3052 1335 3109 nul

64 3147 148 3214 Suet.
164 3150 227 3214 IX.
273 3153 325 3215 De
346 3163 425 3216 motu
439 3175 593 3235 conpotum
609 3155 642 3215 in
657 3153 776 3217 orbibus
796 3153 960 3229 nobilibus,
984 3154 1077 3235 deque
1097 3163 1177 3216 notu
1198 3175 1254 3236 vp-

308 3263 404 3323 sidum
406 3303 1250 3323 ............................................................
1275 3268 1338 3325 158

66 3363 150 3427 Sucr.
166 3365 209 3430 X.
274 3371 326 3432 De
339 3380 419 3433 motu
432 3392 586 3452 conpotum
601 3373 633 3434 in
644 3372 848 3455 veperficiebus
859 3374 949 3447 dotis,
966 3373 1058 3455 deque
1059 3371 1254 3454 funependu-

310 3476 404 3538 lomm
418 3488 499 3540 motu
511 3495 1251 3561 reciproco
1276 3485 1339 3544 178

69 3579 152 3644 Sucr.
168 3582 229 3646 XI.
272 3587 326 3648 De
338 3598 419 3650 notu
432 3610 585 3690 vorpoium
600 3589 714 3652 viribus
727 3591 900 3672 centrioetis
914 3611 945 3652 se
958 3599 1057 3652 mutuo
1065 3590 1232 3671 petentium
1277 3595 1335 3651 811

70 3689 152 3754 8861.
167 3693 247 3759 XII.
273 3699 327 3760 De
339 3720 494 3782 conpotum
508 3702 717 3783 spboericoium
732 3702 845 3765 viribus
859 3703 1251 3765 anractivis................
1278 3705 1339 3764 357

72 3795 152 3861 ster.
164 3799 264 3865 XIII.
275 3806 327 3867 De
341 3826 494 3888 corporum
509 3829 569 3870 non
584 3808 793 3890 spbaericoium
807 3809 920 3872 viribus
934 3788 1105 3872 ottroetivis
1106 3852 1251 3872 ...........
1278 3815 1339 3872 888

74 3905 152 3970 Sicu.
167 3910 261 3976 XIV.
274 3917 326 3978 De
339 3927 419 3980 niotu
432 3939 586 4000 corporum
601 3921 797 3996 minimorum,
821 3940 888 4003 quee
901 3920 1014 3982 viribus
1028 3922 1200 4001 centripetis
1214 3922 1258 3982 od

310 4028 445 4109 singulos
459 4031 563 4113 nogni
576 4028 704 4111 aiicujus
716 4032 851 4112 emporis
865 4040 973 4112 portes
986 4032 1174 4095 tendentibus
1187 4033 1256 4115 ogi-

311 4146 1251 4208 tantm·...........................................................
1278 4152 1341 4207 412
