3202 5446
159 499 204 543 xx
720 485 945 554 EDITORlS

158 670 189 722 et
205 656 277 721 inde
292 656 507 722 concludimus
522 680 655 745 corpora
669 660 823 739 universa,
847 660 941 725 etiam
962 657 1016 723 illa
1030 659 1071 724 de
1085 659 1198 746 quibus
1213 657 1449 726 observationes

154 789 219 833 non
241 765 404 849 habemus,
427 783 556 838 extensa
581 795 649 838 esse
674 784 707 838 et
731 772 860 838 mobilia
882 785 916 838 et
938 769 1196 856 impenetrabilia.
1242 769 1292 833 lta
1314 790 1450 854 corpora

155 880 260 945 omnia
274 893 348 947 sunt
365 884 483 972 gravia,
506 883 674 972 dequibus
694 884 926 950 observationes
948 880 1121 948 babemus:
1144 893 1176 945 et
1197 878 1273 944 inde
1287 877 1450 943 concludi·

154 1012 224 1055 mus
238 1012 371 1077 corpora
385 994 539 1074 universa,
563 995 657 1061 etiam
671 996 726 1060 illa
743 994 783 1061 de
807 995 919 1083 quibus
945 992 1178 1060 observationes
1195 1013 1260 1057 non
1281 989 1448 1070 habemus,

153 1100 260 1187 gravia
275 1122 353 1166 esse.
399 1102 434 1167 Si
449 1103 518 1189 quis
536 1102 620 1169 dicat
634 1126 767 1190 corpora
788 1103 949 1169 stellarum
969 1102 1174 1167 inerrantium
1195 1122 1261 1165 non
1282 1122 1352 1164 esse
1374 1120 1450 1190 gra·

154 1207 215 1284 via,
242 1207 498 1296 quandoquidem
523 1232 634 1276 eorum
657 1213 794 1301 gravitas
817 1213 959 1277 nondum
982 1225 1031 1277 est
1055 1210 1219 1278 observata
1226 1234 1236 1288 3
1263 1210 1376 1276 eodem
1399 1233 1450 1276 ar·

154 1331 305 1406 gumento
326 1317 432 1383 dicere
453 1318 560 1384 licebit
582 1341 684 1408 neque
706 1336 837 1388 extensa
858 1343 936 1400 esse,
957 1342 1017 1385 nec
1031 1317 1169 1398 mobilia,
1185 1338 1245 1383 nec
1258 1318 1450 1405 impenetra-

80 1490 84 1494 .
154 1425 239 1504 bilia,
255 1427 331 1491 edm
351 1427 404 1491 bae
420 1428 558 1492 fixarum
577 1428 757 1495 affectiones
776 1428 921 1494 nondum
943 1429 1006 1494 sint
1026 1428 1209 1493 observatae.
1256 1425 1346 1505 Quid
1368 1449 1450 1513 opus

158 1554 203 1605 est
217 1538 342 1605 verbis?
362 1540 446 1604 inter
464 1540 628 1626 primarias
646 1541 810 1627 qualitates
826 1561 995 1625 corporum
1013 1538 1233 1604 universorum
1246 1536 1298 1601 vel
1311 1536 1450 1625 gravitas

158 1645 283 1712 babebit
296 1647 422 1725 locum3
445 1647 495 1712 vel
511 1649 664 1727 extensio,
677 1646 845 1728 mobilitas,
862 1661 895 1715 et
907 1647 1188 1735 impenetrabiliter
1198 1669 1265 1712 non
1275 1645 1449 1713 habebunt.

158 1755 197 1821 Et
212 1768 325 1821 natura
338 1777 445 1822 rerum
458 1755 508 1820 vel
522 1753 608 1821 recte
623 1758 832 1843 explicabitur
846 1779 905 1843 per
919 1778 1090 1844 corpomm
1103 1758 1299 1848 gravitatem,
1317 1756 1369 1822 vel
1383 1777 1450 1822 non

163 1867 457 1954 ecte-explicabitur
471 1888 529 1954 per
543 1888 713 1953 corporum
728 1869 955 1946 estensium,
970 1867 1190 1947 mobilitatem,
1212 1881 1245 1933 et
1258 1867 1449 1953 impenetra-

162 1978 315 2044 ›ilitatem

196 2086 479 2151 Audiononnullos
493 2084 577 2150 hanc
591 2085 770 2171 improbare
785 2085 1029 2163 conclusionem,
1052 2099 1084 2151 et
1107 2084 1148 2150 de
1162 2085 1293 2151 occultis
1316 2085 1449 2173 qualite

151 2196 234 2260 tibus
249 2193 355 2257 nescio
369 2192 446 2279 quid
460 2193 634 2258 mussitare.
681 2193 877 2260 Gravitatem
892 2193 1011 2258 scilicet
1024 2192 1184 2258 occultum
1193 2216 1261 2257 esse
1272 2192 1360 2280 quid,
1376 2216 1449 2282 per-

150 2299 248 2388 petud
270 2300 409 2388 argutari
434 2300 555 2379 solent3
578 2301 717 2366 occultas
741 2300 816 2368 verb
842 2325 952 2367 causas
976 2301 1089 2387 procul
1114 2325 1183 2368 esse
1209 2303 1402 2392 ablegandus
1430 2328 1452 2370 a

150 2410 359 2499 philosophiis.
405 2411 470 2478 His
494 2425 600 2477 autem
619 2411 710 2477 sacild
730 2411 957 2498 respondetur3
978 2412 1118 2477 occultas
1145 2434 1214 2478 esse
1240 2433 1360 2492 causas,
1384 2434 1451 2479 non

151 2520 219 2584 illas
229 2520 356 2608 quidem
371 2542 505 2608 quarum
519 2521 684 2586 existentia
694 2543 752 2606 per
765 2520 999 2588 observationes
1019 2519 1190 2586 clarissime
1204 2521 1450 2606 demonstratur,

151 2634 208 2698 sed
222 2633 279 2698 has
294 2631 396 2698 soldm
411 2654 544 2721 quarum
559 2633 682 2698 occulta
698 2644 748 2697 est
769 2644 801 2697 et
820 2631 895 2697 ficta
912 2632 1079 2697 existentia
1100 2631 1243 2698 nondrlm
1260 2631 1337 2697 verb
1360 2655 1450 2696 com·

150 2744 291 2827 probata.
338 2742 485 2808 Gravitas
501 2764 578 2830 ergo
592 2763 657 2806 non
666 2741 726 2806 erit
741 2741 865 2805 occulta
876 2762 969 2808 cursa
978 2753 1123 2807 motuum
1134 2742 1328 2820 ooelestium3
1351 2743 1451 2831 siqui·

150 2852 224 2917 dem
245 2874 287 2916 ex
305 2850 522 2937 pbaenomanis
546 2864 708 2916 ostensum
731 2862 788 2929 est,
811 2850 895 2916 hanc
913 2850 1064 2917 virtutem
1078 2850 1190 2918 reversi
1203 2853 1349 2918 existere.
1399 2852 1451 2920 Hi

149 2960 253 3045 potius
268 2958 310 3024 ad
331 2959 469 3024 occultas
485 2959 669 3049 confugiunt
688 2981 808 3039 causas,
832 2959 887 3046 qui
912 2960 1019 3024 nescio
1042 2982 1122 3048 quos
1136 2962 1282 3041 vortices,
1305 2964 1449 3030 materiae

150 3067 312 3154 cujusdam
326 3066 456 3154 prorsus
471 3067 589 3133 fictitiae
604 3080 636 3134 et
657 3068 800 3133 sensibus
815 3066 946 3132 omnind
964 3067 1093 3157 ignotae,
1117 3071 1255 3137 motibus
1270 3070 1382 3137 iisdem
1397 3095 1450 3138 re-

150 3178 460 3267 gendispraeficiunt.

195 3286 314 3353 ldeone
330 3302 434 3352 autem
451 3287 588 3376 gravitas
608 3286 732 3351 occulta
746 3309 841 3351 causa
853 3285 987 3366 dicenrr,
1000 3310 1101 3376 eoque
1115 3289 1243 3354 nomine
1257 3292 1416 3378 rejicietur
1430 3313 1450 3357 e

149 3393 360 3481 philosophid,
383 3394 469 3482 quod
483 3416 576 3459 causa
590 3394 686 3481 ipsius
701 3394 863 3484 gravitatis
881 3396 1006 3461 occulta
1023 3411 1071 3462 est
1088 3411 1120 3464 et
1136 3398 1280 3464 nondum
1297 3396 1449 3468 inventa?

152 3505 219 3583 Qui
242 3507 286 3570 sic
311 3518 461 3584 statuunt,
484 3504 611 3569 videant
635 3505 753 3593 nequid
777 3517 916 3570 statuant
939 3506 1078 3587 absurdi,
1102 3508 1187 3574 unde
1207 3511 1303 3576 totius
1318 3513 1449 3578 tandem

152 3613 358 3700 philosophiae
369 3613 572 3679 fundamenta
581 3614 806 3681 convellantur.
852 3615 979 3682 Etenim
990 3638 1094 3682 oausae
1109 3619 1259 3686 contiuuo
1273 3642 1359 3688 nexu
1372 3645 1449 3709 pro-

151 3727 263 3791 cedere
278 3727 380 3790 solcnt
394 3749 414 3789 a
427 3724 609 3810 compositis
624 3725 665 3789 ad
680 3725 890 3813 simpliciora:
913 3726 968 3791 ubi
983 3727 1026 3792 ad
1042 3750 1165 3793 causam
1184 3729 1447 3815 simplicissimam

151 3838 339 3923 perveneris,
350 3839 418 3922 jam
432 3858 497 3900 non
511 3835 618 3901 licebit
632 3834 762 3901 ulterids
777 3836 937 3926 progredi.
969 3837 1082 3903 Causoe
1096 3837 1193 3926 igitur
1207 3839 1449 3926 simplicissimae

151 3949 239 4013 nulla
256 3947 324 4012 dari
343 3959 449 4033 potest
467 3946 649 4012 mechanica
666 3946 852 4033 explicatio:
880 3947 907 4011 si
924 3946 1054 4012 daretur
1073 3947 1168 4026 enim,
1192 3972 1288 4016 causa
1303 3951 1449 4021 nondum

15 4090 20 4100 ·
152 4070 233 4121 esset
248 4055 483 4141 simplicissima.
529 4055 601 4120 Has
616 4068 650 4119 tu
664 4055 798 4142 proinde
814 4078 922 4119 causas
940 4055 1184 4142 simplicissimas
1201 4059 1374 4147 appellabis
1394 4085 1449 4128 oc·

151 4169 261 4246 cultas,
278 4183 310 4236 ct
324 4171 452 4235 exulare
461 4169 612 4257 jubebis?
635 4169 736 4237 Simul
750 4167 825 4234 verb
840 4168 1014 4234 exulabant
1035 4181 1068 4234 et
1081 4169 1122 4236 ab
1135 4169 1186 4236 his
1198 4169 1347 4258 proxime
1369 4195 1450 4259 pen·

151 4280 262 4344 dentes
276 4292 308 4344 et
322 4303 393 4367 quae
408 4281 448 4343 ab
465 4278 525 4343 illis
539 4277 636 4364 porrd
654 4277 803 4364 pendent,
824 4277 1016 4366 usquedum
1029 4301 1050 4342 a
1069 4279 1171 4346 causis
1186 4278 1334 4345 ommbus
1348 4303 1449 4349 vacua

151 4391 245 4456 fuerit
259 4404 291 4454 et
303 4389 406 4476 probd
421 4400 555 4478 purgata
569 4386 779 4474 philosophia.
1189 4389 1198 4407 '

197 4501 279 4566 Sunt
302 4498 356 4584 qui
373 4498 556 4586 gravitatem
573 4509 690 4582 praeter
714 4509 860 4560 naturam
882 4519 951 4562 esse
968 4495 1087 4576 dicunt,
1110 4509 1143 4561 et
1165 4495 1353 4562 miraculum
1375 4519 1451 4585 pen·

152 4627 282 4697 petuum
305 4624 429 4677 vocant.
476 4612 587 4696 ltaque
613 4607 814 4696 rejiciendam
837 4631 906 4674 esse
925 4607 1045 4688 volunt,
1068 4606 1141 4672 crim
1160 4606 1193 4670 iu
1212 4605 1344 4696 physici
1365 4629 1451 4696 prm·

153 4718 358 4784 tematurales
374 4740 476 4782 causoe
490 4716 595 4781 locum
613 4738 678 4782 non
695 4717 842 4781 babeant.
888 4716 977 4783 Huic
994 4717 1110 4802 ineptae
1126 4736 1258 4802 prorsus
1277 4717 1447 4805 objecfioni
