3202 5446
99 513 214 581 Linea
232 513 397 593 Sasona]
436 510 680 578 PRINCIPIA
699 510 1077 581 ‚MATHEMATICK
1325 506 1385 568 643

98 684 300 774 signavimus,
323 706 389 748 non
403 681 507 747 soldm
528 683 649 748 ratione
664 683 830 770 colligitur,
853 683 1016 747 sedetiam
1032 704 1089 768 per
1104 683 1319 768 experimenta
1338 704 1396 746 no-

98 795 220 861 tissima
228 797 297 880 jam
311 792 469 878 descripta
482 794 682 858 manifestum
697 807 754 858 est.

144 908 214 973 Cas.
232 914 263 970 5.
309 904 431 971 Eadem
445 918 494 969 est
508 928 599 992 aquae
613 905 768 971 effluentis
790 905 948 985 velocitas,
972 907 1160 995 sivedigura
1173 906 1334 972 foraminis
1356 905 1397 968 sit

99 1013 270 1090 circularis,
297 1012 363 1077 sive
389 1013 546 1103 quadrata
566 1013 616 1078 vel
640 1013 839 1100 triangularis
862 1026 917 1079 aut
945 1015 1006 1079 alia
1028 1037 1223 1103 quaecunque
1253 1012 1396 1078 circulari

98 1120 238 1212 nqualis.
284 1119 368 1186 Nam
392 1121 539 1186 velocitas
561 1145 652 1209 aquoe
674 1121 828 1188 effluentis
851 1145 916 1188 non
941 1124 1059 1211 pendet
1072 1148 1092 1189 a
1107 1125 1208 1213 figuris
1223 1122 1394 1200 foraminis,

99 1232 158 1299 aed
171 1231 273 1298 oritur
286 1231 327 1295 ab
341 1231 408 1318 ejus
423 1230 587 1297 altitudine
601 1232 683 1296 infra
696 1233 826 1318 planum
843 1233 876 1298 K
891 1233 931 1300 L.

147 1342 265 1406 caco.
312 1341 349 1406 ᾗ
368 1340 450 1406 vasis
473 1340 740 1425 ABDCpars
762 1342 810 1404 in·

100 1447 198 1514 ferior
211 1449 245 1513 in
260 1471 376 1535 squam
390 1460 589 1537 stagnantem
607 1449 810 1537 immergatur

100 1569 134 1622 et
146 1555 281 1622 altitudo
306 1578 397 1642 aquae
421 1556 594 1643 stagnantis
620 1578 716 1640 supra
737 1555 809 1620 fun·

102 1664 180 1730 dum
202 1665 284 1728 vasis
307 1665 348 1728 sit
370 1664 403 1730 G
420 1665 471 1729 R:
502 1664 650 1728 velocitas
669 1665 822 1753 quicum

101 1795 184 1859 aqua
197 1796 270 1859 quoe
280 1773 395 1837 invase
409 1785 466 1850 est,
483 1772 588 1837 effluet
598 1773 806 1858 perforamen

104 1881 173 1946 EF
185 1881 220 1945 in
234 1903 349 1968 aquam
364 1894 571 1970 stagnantem,
587 1904 626 1947 ea
640 1883 699 1947 erit
712 1905 808 1969 quam

103 2011 187 2076 aqua
210 1990 354 2055 cadendo
376 2004 408 2054 et
430 2013 502 2055 casu
524 2013 581 2055 suo
602 1990 810 2056 describendo

103 2098 303 2164 altitudinem
319 2099 336 2163 1
353 2099 384 2163 R
399 2101 561 2187 acquirere
574 2111 687 2184 potest.
704 2158 707 2163 ⁴
723 2099 808 2166 Nam

102 2208 228 2292 pondus
242 2229 333 2295 aquae
347 2208 449 2272 omnis
465 2209 496 2272 in
512 2231 585 2273 vase
600 2232 671 2295 quae
680 2209 808 2274 inferior

102 2329 151 2382 est
164 2317 330 2401 superficie
344 2339 436 2403 aquae
454 2319 636 2404 stagnantis,
653 2319 808 2384 substine-
897 2341 924 2399 c
1043 2338 1072 2398 Ε
1106 2301 1140 2358 c*
1160 2339 1190 2399 1·
1333 2343 1367 2398 Ι)

102 2424 189 2490 bitur
211 2427 246 2489 in
270 2423 446 2511 aequilibrio
475 2447 533 2511 per
562 2426 687 2511 pondus
718 2450 807 2513 aquae

103 2533 284 2621 stagnantis,
301 2533 435 2619 ide6que
450 2545 571 2597 motum
586 2555 677 2620 aquae
691 2517 908 2599 descendentis
923 2535 957 2598 in
971 2534 1044 2599 rese
1059 2534 1187 2600 minime
1202 2534 1397 2602 accelerabit.

105 2642 230 2708 Patebit
243 2643 337 2706 etiam
353 2656 385 2706 et
398 2643 451 2706 hic
466 2666 555 2707 casus
570 2665 628 2728 per
642 2645 866 2728 experimenta,
891 2645 930 2731 (ι’)
946 2646 1160 2709 mensurando
1181 2646 1299 2710 scilicet
1320 2661 1398 2711 tem-

101 2774 181 2838 pora
195 2753 309 2839 quibus
324 2775 406 2839 aqua
420 2751 527 2818 effluit.

146 2861 183 2948 (⁶)
201 2862 300 2926 Corol.
319 2868 347 2922 1.
394 2859 483 2925 Hinc
497 2860 523 2924 si
538 2881 629 2946 aquae
643 2859 776 2924 altitudo
793 2861 821 2924 C
838 2862 868 2925 A
885 2861 1079 2944 producatur
1093 2862 1134 2925 ad
1152 2861 1194 2938 K,
1217 2874 1252 2925 ut
1267 2863 1307 2927 sit
1322 2865 1352 2928 A
1365 2863 1398 2929 K

103 2971 145 3036 ad
161 2971 190 3034 C
207 2969 240 3034 K
266 2970 300 3033 in
324 2969 481 3054 duplicati
505 2971 625 3033 ratione
646 2992 727 3034 areae
749 2969 908 3035 foraminis
930 2971 963 3034 in
985 2971 1093 3058 quivis
1108 2971 1197 3035 fundi
1211 2987 1300 3057 parte
1313 2974 1396 3053 facti,

103 3081 145 3147 ad
169 3103 275 3146 aream
297 3079 405 3144 circuli
429 3081 458 3144 A
477 3080 525 3144 B:
552 3080 699 3143 velocitas
722 3103 813 3167 aquae
835 3080 987 3144 effluentis
1010 3081 1139 3168 aequalis
1161 3082 1221 3145 erit
1243 3084 1398 3148 velocitati

103 3211 198 3276 quam
219 3210 302 3274 aqua
323 3186 465 3252 cadendo
480 3200 512 3251 et
526 3209 598 3251 casu
614 3210 671 3251 suo
685 3187 892 3253 describendo
917 3188 1115 3254 altitudinem
1138 3189 1217 3256 ΚΟ
1238 3193 1399 3280 acquirere

146 3310 216 3364 test.

103 3323 188 3497 9⁰(d)
207 3412 306 3476 0ωοὶ.
322 3418 352 3474 2.
399 3409 442 3475 Et
457 3409 512 3486 vis,
532 3408 594 3495 quai
615 3421 699 3473 totus
715 3431 804 3495 aquoe
819 3409 975 3472 exilientis
995 3425 1097 3474 motus
1118 3413 1262 3498 generari
1283 3425 1395 3496 potest,

137 3583 171 3649 (ὓ)
195 3587 209 3616 ⁰
230 3586 390 3634 uenerando
416 3585 499 3632 sedicet
526 3593 629 3645 tempora
651 3585 734 3645 quibas
768 3581 1028 3630 Venetiiseditaesunt
1065 3582 1155 3631 Vertlm
1175 3583 1261 3631 Daniel
1280 3584 1397 3632 Bernoul·

104 3665 189 3712 qaae
217 3648 444 3712 eit‚etquantitates
454 3663 521 3710 aquae
531 3647 614 3694 iisdem
625 3646 735 3707 tempori·
767 3645 813 3693 lius
834 3662 924 3709 paragr·
945 3654 967 3695 9.
990 3648 1052 3694 Sect.
1077 3647 1158 3694 xur.
1182 3647 1397 3709 Hydrodynsmice

104 3715 149 3762 bos
198 3713 282 3760 uentis.
767 3712 888 3772 posteriori
909 3712 1030 3758 sententias
1050 3713 1160 3759 Newtoni
1182 3711 1216 3758 itti
1236 3712 1393 3775 suffragatura

137 3776 172 3841 (⁸)
185 3783 197 3807 ⁸
213 3780 285 3826 θον-οἱ.
303 3783 323 3824 1.
351 3777 419 3824 Patet
429 3791 471 3837 per
485 3784 533 3822 not.
547 3781 696 3824 arneson.
710 3780 733 3822 2.
770 3782 786 3806 “
798 3775 847 3822 lsta
865 3778 979 3822 sententia
990 3792 1003 3821 a
1014 3791 1053 3823 me
1063 3776 1119 3823 olim
1136 3786 1161 3822 et
1175 3779 1204 3823 ab
1223 3776 1274 3823 aliis
1290 3776 1336 3824 fuit
1352 3777 1396 3824 im-

105 3846 166 3890 as.
768 3849 880 3901 pugnata,
898 3841 1079 3888 abaliisrursus
1093 3840 1234 3887 confirmata.
1271 3841 1397 3888 Nuncsu·

138 3905 172 3970 (⁶)
185 3908 199 3937 ”
213 3908 285 3954 Corol.
301 3911 323 3953 2.
360 3906 399 3952 De
415 3905 486 3967 hujus
503 3904 626 3952 Corollarii
642 3903 738 3951 veritate
771 3913 818 3950 tem
830 3914 951 3965 postquam
962 3905 1022 3951 hanc
1032 3919 1146 3966 aquarum
1156 3914 1272 3951 motarum
1284 3907 1397 3952 theoriam

105 3969 147 4018 did
166 3972 316 4033 multumque
334 3968 478 4029 disputatum
495 3979 529 4015 est
545 3969 606 4015 inter
619 3969 737 4016 Comltem
770 3968 896 4015 meditatus
906 3984 967 4025 sum,
979 3969 1007 4015 lia
1017 3966 1051 4015 itd
1061 3968 1191 4016 dirimenda
1201 3970 1260 4015 mihi
1271 3970 1362 4016 ridetur
1370 3980 1398 4018 ut

108 4035 240 4086 Riocatnm.
255 4033 380 4082 Danielem
395 4032 566 4087 Bemoulliurn,
578 4033 674 4079 Petrum
685 4034 737 4078 Aa·
769 4048 823 4079 cum
843 4048 910 4093 aque
928 4032 958 4078 ad
974 4043 1065 4080 motum
1084 4032 1225 4079 uniformem
1242 4035 1395 4094 pervenerint,

105 4098 198 4146 tortium
210 4098 386 4153 Michelottum,
402 4098 518 4145 Jacobum
530 4097 545 4145 J
550 4097 653 4153 urinum,
665 4096 736 4143 alios·
768 4112 821 4159 quae
836 4097 930 4158 quidem
942 4097 1076 4158 hypothesis
1086 4107 1119 4144 est
1132 4097 1250 4152 Nemori,
1267 4108 1325 4145 tunc
1336 4099 1398 4148 recte

121 4179 152 4210 ua
170 4162 338 4210 eruditissimos
353 4162 419 4209 viros.
457 4161 520 4208 cnm
537 4160 600 4207 enirn
617 4162 641 4206 in
660 4160 734 4221 primi
766 4161 890 4208 altitudine
907 4161 1398 4218 aG1,vinttladenniarur‚aedaointrio

104 4179 736 4339 fflnnfflsoqfflqsfflaffi
766 4224 1397 4338 lttlttb‘t‘llt'tlt¹¹¹¹¹¹tt't'³t‡lt¹¹‘³

338 4307 354 4337 n
453 4323 459 4345 r

104 4367 169 4404 tatus
190 4307 258 4418 aqiine
279 4306 395 4403 esiliedtis
416 4366 494 4401 motus
520 4300 626 4416 generisi
653 4305 734 4413 potirer,
768 4354 895 4411 velocitate,
908 4353 979 4401 simul
990 4299 1161 4416 vispdquamt'ed
1171 4306 1284 4402 effldxdrn
1291 4304 1399 4403 aninidd:

104 4421 220 4484 equalem
230 4435 280 4467 esse
290 4419 387 4480 ponderi
398 4418 531 4480 cylindricoe
537 4418 654 4465 columne
661 4433 735 4479 aque,
767 4429 860 4475 mesces,
872 4429 895 4465 et
906 4417 1000 4465 tandem
1012 4418 1042 4464 ad
1053 4433 1105 4465 eam
1116 4419 1305 4482 magnitudinem
1316 4435 1397 4467 essur-

104 4487 174 4547 cajus
184 4485 245 4532 basis
255 4495 290 4531 est
300 4485 405 4531 foramen
419 4484 441 4530 Ε
456 4483 483 4539 F,
496 4492 519 4530 et
530 4481 629 4529 altitudo
642 4482 665 4529 G
679 4483 700 4538 l,
712 4493 736 4528 et
766 4493 883 4545 gatquam
893 4482 1160 4546 Newtonusassignavit
1170 4515 1193 4528 .·
1204 4515 1211 4529 .
1223 4516 1229 4528 .
1247 4483 1397 4532 Recteetiam

103 4548 129 4596 in
148 4547 253 4597 ncundi
269 4550 378 4604 editione,
398 4546 476 4595 habiti
491 4546 580 4594 ratione
597 4561 661 4594 reuss
679 4561 735 4594 con·
768 4546 801 4592 ill.
818 4547 936 4603 llicsatus,
956 4562 1011 4594 cnm
1027 4561 1074 4609 quo
1089 4547 1147 4593 mihi
1163 4547 1248 4595 dehoc
1259 4559 1398 4611 argrrmento

104 4624 192 4670 tracte,
210 4613 258 4659 rins
274 4612 339 4660 illam
356 4611 452 4673 duplam
469 4612 567 4667 fecisset,
586 4611 686 4670 priorem
703 4610 737 4656 ris
769 4626 805 4658 res
815 4622 871 4668 eret,
883 4612 1045 4674 interrogatus,
1062 4609 1126 4658 undi
1136 4611 1170 4657 ris
1180 4611 1309 4672 illadupla
1324 4627 1396 4676 aqua·

104 4677 169 4725 illius
179 4692 313 4724 mensuram
324 4677 435 4724 adversm
447 4676 563 4723 Comitem
578 4676 702 4722 Riccatum
713 4685 737 4722 et
768 4690 821 4721 rum
832 4675 951 4723 altitudini
961 4674 1102 4723 conveniens
1112 4675 1167 4722 oriri
1183 4677 1261 4737 μὴ,
1282 4692 1337 4724 cum
1353 4679 1396 4725 ob·

104 4741 219 4791 Jnrinnm
237 4745 346 4788 tuebatur
356 4755 411 4787 cum
425 4740 565 4787 Micbelotto
579 4738 665 4786 Daniel
677 4740 736 4786 Ber·
767 4740 950 4794 turatoorificio,
967 4748 1036 4802 gutta
1046 4738 1121 4786 eidem
1138 4739 1263 4789 imminens
1274 4742 1296 4788 vi
1307 4739 1396 4800 simpli.

104 4807 216 4863 annilius,
236 4821 336 4868 quorum
358 4805 539 4853 Dissertatisnes
560 4803 637 4851 videro
655 4813 691 4851 eat
711 4803 736 4850 in
768 4803 942 4852 cisaldtrmirda
951 4803 1030 4866 urgeri
1041 4803 1163 4852 mitesce
1173 4816 1288 4866 appareat,
1300 4819 1396 4866 respon

106 4870 321 4919 Exercitationibtn
340 4869 515 4919 Matbenrsticia
533 4884 587 4932 quar
603 4884 641 4916 aa.
663 4873 735 4976 1724.S
763 4867 804 4976 {lit
820 4867 1014 4933 ἀὶιιίιιςιιωᾱιιω
1032 4883 1082 4918 ease
1099 4879 1187 4919 nuum
1202 4869 1287 4934 quietis
1301 4879 1394 4939 astate

743 4943 754 4975 Ι
844 4973 848 4980 .
