3188 5444
157 463 199 525 42
428 461 765 529 PHILOSOPHIAE
788 461 1059 528 NATURALIS
1197 462 1346 540 [Axion.
1360 476 1435 526 sm

148 645 193 695 tes
220 644 294 696 sunt
312 629 470 715 reciproce
492 645 528 696 ut
548 632 629 696 vires
648 632 761 696 insitae:
786 627 847 718 (¹¹)
863 630 953 694 sicin
968 629 1127 694 movendis
1141 626 1354 691 instrumentis
1366 648 1435 691 me·

147 737 282 802 chanicis
308 739 430 824 agentia
444 738 528 802 idem
548 738 669 822 pollent
691 752 723 801 et
736 737 896 801 conatibus
912 737 1073 801 contrariis
1097 759 1131 800 se
1145 748 1253 798 mutuo
1269 734 1433 813 sustinent,

147 868 280 930 quorum
304 845 481 910 velocitates
504 844 676 909 secundum
701 843 991 908 determinationem
1017 843 1130 906 virium
1158 841 1329 918 aestimatae,
1360 853 1434 905 sunt

147 950 304 1036 reciproce
329 964 364 1015 ut
388 952 478 1015 vires.
524 952 576 1017 sic
600 950 742 1036 pondera
754 950 955 1037 oequipollent
969 950 1009 1013 cd
1023 948 1178 1013 movenda
1190 947 1319 1011 brachis
1331 946 1432 1025 librae,

147 1080 217 1143 quoe
240 1057 398 1121 oscillente
424 1055 502 1120 librt
518 1070 590 1120 sunt
610 1055 768 1141 reciproce
791 1070 950 1120 uteorum
963 1056 1140 1119 velocitates
1155 1076 1280 1118 sursum
1293 1066 1326 1117 et
1339 1053 1431 1116 deor-

148 1185 229 1226 sum:
252 1162 314 1226 hoc
339 1176 386 1226 est
413 1162 562 1246 pon'derc,
586 1164 612 1226 si
637 1160 722 1228 recti
747 1163 918 1227 ascendunt
939 1175 971 1226 et
992 1160 1194 1238 descendunt,
1217 1160 1430 1246 aequipollent,

148 1291 218 1354 quoe
243 1288 317 1332 sunt
340 1267 497 1353 reciproce
521 1283 556 1332 ut
579 1283 767 1352 punctorum
788 1293 808 1332 a
828 1267 939 1353 quibus
962 1267 1193 1352 suspenduntur
1214 1265 1369 1330 distantiae
1390 1264 1431 1328 sb

148 1396 207 1453 axe
228 1373 330 1450 librae3
356 1375 404 1438 sin
428 1375 529 1460 planis
544 1374 676 1461 obliquis
698 1375 804 1438 aliisve
825 1374 957 1437 admotis
972 1373 1137 1437 obstaculis
1152 1372 1300 1457 impedite
1322 1393 1432 1437 ascen·

149 1480 228 1544 dunt
241 1480 290 1544 vel
304 1480 497 1544 descendunt
511 1480 644 1566 oblique,
668 1480 876 1567 aequipollent,
893 1503 963 1566 quae
978 1493 1050 1543 sunt
1064 1478 1221 1563 reciproce
1236 1491 1272 1543 ut
1285 1500 1432 1544 ascensus

149 1599 181 1650 et
203 1587 378 1663 descensus,
402 1586 553 1672 quitenus
574 1586 647 1650 fucti
672 1587 842 1651 secundum
863 1585 1132 1670 perpendiculum:
1156 1584 1249 1673 idque
1271 1586 1312 1649 ob
1327 1585 1430 1650 deter-

148 1692 349 1755 minationem
373 1692 530 1778 gravitstis
553 1692 708 1757 deorsum.
753 1692 901 1759 Similiter
921 1693 955 1754 in
968 1691 1108 1756 trochlea
1121 1715 1176 1756 seu
1189 1692 1369 1777 polyspasto
1383 1691 1430 1755 vis

149 1796 260 1861 muniis
274 1797 381 1862 funem
396 1797 511 1861 directi
532 1798 693 1876 trahentis,
716 1822 787 1884 quae
801 1799 842 1862 sit
855 1797 895 1861 ad
908 1798 1032 1883 pondus
1046 1798 1096 1862 vel
1110 1797 1226 1862 directe
1240 1798 1291 1862 vel
1304 1794 1431 1886 obbqud

135 1903 318 1969 .ascendens
344 1917 379 1966 ut
403 1904 548 1968 velocitas
570 1928 715 1970 ascensus
738 1903 1003 1989 perpendicularis
1028 1903 1069 1967 ad
1097 1904 1290 1968 velocitatem
1318 1926 1429 1969 munus

147 2009 255 2073 funem
283 2008 443 2086 trahentis,
467 2011 630 2075 sustinebit
656 2009 804 2096 pondus·
834 2011 873 2074 In
898 2009 1068 2097 horologiis
1090 2023 1122 2073 et
1143 2009 1293 2074 similibus
1314 2009 1430 2074 instru-

148 2115 270 2191 mentis,
293 2136 364 2199 quae
389 2137 430 2177 ex
451 2115 559 2179 rotulis
585 2116 756 2180 commissis
781 2128 958 2179 constmcta
986 2128 1067 2194 sunt,
1097 2116 1178 2179 vires
1204 2117 1367 2180 contrariae
1388 2116 1429 2180 sd

148 2232 268 2283 motum
292 2219 463 2283 rotulamm
487 2221 734 2304 promovendum
755 2235 787 2287 et
800 2220 1042 2306 impediendum,
1066 2222 1093 2285 si
1116 2235 1189 2286 sunt
1210 2221 1368 2307 reciproce
1393 2235 1430 2288 ut

149 2396 175 2434 to
184 2381 628 2445 menifestumestaequelemessefsrri
638 2387 664 2434 in
674 2403 770 2451 msgne-
802 2386 829 2434 ce
855 2397 881 2434 ut
896 2387 955 2433 vires
979 2386 1109 2434 disolutoe.
1123 2419 1130 2433 .
1144 2419 1171 2434 ..
1191 2388 1363 2437 Deru-Due
1385 2406 1428 2452 po-

149 2460 198 2496 tem
209 2447 492 2508 etmsgnetisinferrum
503 2450 624 2497 cerionem.
661 2452 772 2499 Similiter
802 2451 888 2506 tentia,
905 2467 953 2506 seu,
976 2450 1039 2513 quod
1055 2450 1117 2496 idem
1138 2460 1179 2504 est,
1195 2451 1244 2497 duo
1262 2451 1366 2511 pondere
1383 2470 1429 2517 ope

149 2511 229 2574 siquis
236 2511 261 2556 in
269 2509 351 2570 cymbi
357 2511 423 2572 equis
430 2522 555 2560 snnstsnte
561 2515 656 2576 positus,
664 2518 771 2577 cymbam
802 2514 915 2561 msehinae
925 2515 1027 2578 cujusvis
1035 2514 1094 2561 dstae
1105 2513 1130 2560 in
1141 2530 1165 2560 se
1175 2512 1260 2562 mutui)
1269 2513 1303 2562 iot
1312 2524 1391 2579 egent,
1400 2528 1428 2566 ut

150 2577 244 2625 alteram
252 2573 771 2636 liberelluitsntemopeiunistrslmtfleloon.
802 2578 895 2639 pondus
913 2594 989 2625 unum
1005 2576 1133 2625 secundum
1149 2578 1265 2639 propriam
1274 2578 1427 2631 directionem

151 2654 176 2688 to
188 2639 262 2686 eliore
277 2638 431 2686 instntmento
441 2640 543 2700 repellat,
561 2645 685 2704 cymboein
695 2655 771 2704 portes
802 2642 889 2689 moveri
910 2658 927 2688 n
955 2651 1016 2697 uest,
1042 2642 1099 2703 quin
1120 2642 1213 2702 pondus
1230 2641 1330 2690 sltemm
1346 2644 1429 2694 ononi

150 2703 276 2752 contrarius
284 2717 339 2749 cum
347 2703 430 2765 equali
439 2703 769 2767 motisqusntitsteterentur,
801 2705 917 2767 proprium
930 2706 938 2751 i
959 2707 994 2752 'us
1011 2705 1160 2752 directionem
1175 2706 1261 2766 rspist3
1278 2706 1361 2756 siloco
1376 2724 1429 2758 ms·

151 2768 184 2816 iul
194 2777 222 2813 ut
232 2782 313 2813 esrum
323 2766 454 2815 velocitates
464 2768 511 2817 sint
520 2770 546 2816 in
556 2771 646 2819 rstione
656 2773 771 2833 reciproci
802 2770 877 2817 chine
895 2769 955 2817 dstae
973 2769 1125 2817 substituetur
1140 2770 1210 2817 rectis
1225 2771 1292 2832 cujus
1303 2770 1429 2835 longitudo

151 2830 288 2894 pondemm.
802 2843 825 2880 ct
843 2833 1006 2894 hypomoclion
1018 2833 1073 2880 talis
1084 2832 1136 2886 sint,
1154 2844 1182 2880 ut
1192 2833 1241 2882 duo
1250 2834 1354 2894 ponder·
1361 2836 1426 2896 darn,

183 2892 221 2959 (ἢ)
235 2901 286 2942 loo.
307 2894 336 2940 ln
352 2895 472 2943 morendi·
488 2897 647 2947 instrumentis
655 2902 772 2949 mechani-
803 2898 874 2944 vectis
890 2897 1071 2945 extremitntibffl
1086 2913 1192 2957 uppem&
1212 2896 1294 2944 eidem
1309 2899 1427 2950 celeriter·

151 2960 190 3013 cis,
207 2957 300 3021 agentis
315 2958 376 3005 idem
387 2959 475 3019 pollent
485 2972 508 3008 et
518 2964 639 3011 conatibus
654 2966 773 3012 contrariis
803 2977 830 3008 sc
840 2961 866 3007 in
876 2960 983 3007 mschiui
999 2960 1052 3007 dsti
1068 2975 1117 3007 sese
1127 2959 1210 3008 mutuo
1220 2973 1335 3018 moveant.
1352 2963 1425 3013 iidem

151 3039 176 3072 se
192 3032 276 3070 mutuo
293 3021 414 3076 sustinent,
431 3040 531 3085 quorum
549 3027 681 3075 velocitates
690 3045 773 3077 secun-
804 3036 873 3072 erunt
890 3025 916 3071 in
931 3033 996 3071 vecte
1006 3034 1030 3071 et
1039 3023 1064 3072 in
1077 3023 1185 3072 mscbind
1193 3024 1247 3080 deti
1258 3036 1356 3074 mustus
1366 3043 1426 3089 pon.

152 3086 210 3135 dum
221 3086 370 3135 directionem
386 3087 469 3135 virium
481 3090 600 3139 animate
610 3103 665 3140 suut
674 3095 773 3156 recipro-
804 3088 888 3135 derum
905 3088 930 3135 in
942 3104 966 3137 se
977 3089 1067 3146 mutuli,
1085 3094 1165 3140 endem
1176 3094 1279 3153 ipsorum
1290 3101 1424 3151 moments3

616 3155 622 3171 ·
803 3153 838 3199 ris
848 3152 911 3201 enim
926 3155 1008 3202 eedem
1025 3155 1149 3216 requiritur
1166 3156 1197 3202 nd
1207 3157 1305 3204 eandem
1315 3157 1424 3207 relocits.

803 3226 852 3265 tem
870 3218 999 3265 seeunditm
1015 3220 1112 3266 esndem
1127 3219 1278 3267 directionem
1296 3220 1321 3267 iu
1340 3221 1424 3271 iisdem

796 3282 1144 3407 titatffitfflttlttt
1159 3283 1343 3408 litttm'ffit
1354 3286 1423 3404 Eli

796 3417 886 3457 rotetur
895 3411 956 3457 circs
973 3409 1136 3472 hypomoclion
1149 3412 1175 3467 C,
1193 3411 1300 3458 ursitum
1312 3411 1361 3467 de,
1378 3416 1421 3462 ob·

796 3472 876 3527 tinent,
894 3483 918 3521 et
935 3474 1077 3534 producatur
1095 3473 1162 3521 iilum
1180 3490 1195 3521 s
1208 3474 1231 3529 d.
1250 3491 1323 3538 usque
1342 3477 1372 3524 sd
1391 3478 1422 3537 F;

796 3537 890 3597 pondus
915 3541 946 3593 A,
973 3537 1102 3584 secundum
1124 3539 1241 3599 propriam
1262 3539 1421 3596 directionem.

707 3653 720 3679 ,
796 3601 911 3660 percurrit
926 3603 1028 3662 spatium
1048 3601 1068 3648 F
1085 3601 1112 3659 d;
1130 3613 1153 3649 ct
1172 3602 1264 3663 pondus
1287 3604 1316 3657 B,
1341 3604 1423 3652 contri

796 3665 913 3725 propriam
931 3664 1081 3713 directionem
1097 3666 1178 3712 eodem
1195 3676 1298 3727 tempore
1308 3670 1422 3728 percurrit

797 3727 897 3787 spatium
915 3729 938 3776 G
949 3744 974 3787 ες
990 3727 1094 3791 adeoque
1110 3731 1193 3776 horum
1211 3729 1341 3790 ponderum
1358 3733 1420 3780 velo·

797 3791 877 3838 citates
894 3803 949 3839 sunt
967 3808 1056 3852 semper
1068 3795 1177 3853 utspstia
1193 3793 1244 3846 Fd.
1265 3795 1288 3842 G
1299 3811 1320 3847 e,
1337 3796 1420 3843 eodem

797 3864 900 3916 tempore
910 3872 1025 3916 percursa.
1061 3857 1211 3905 Momentum
1227 3858 1336 3917 ponderis
1347 3876 1368 3913 u,
1385 3870 1421 3908 est

797 3927 825 3965 ut
840 3935 854 3965 a
872 3926 897 3976 χ
918 3920 938 3966 1²
957 3920 988 3976 C;
1006 3931 1151 3967 momentum
1168 3921 1277 3983 ponderis
1297 3924 1320 3980 b,
1337 3934 1373 3971 cst
1393 3935 1421 3972 ut

796 3983 812 4028 b
825 3989 850 4039 Χ
865 3984 885 4030 C
899 3983 972 4048 ow
984 3981 1001 4041 )
1030 3982 1075 4031 Sed
1086 3987 1116 4031 ob
1127 3984 1304 4032 §militudinem
1315 3987 1419 4051 triangu.

796 4045 995 4104 lorumFCd‚
1021 4049 1074 4095 ec
1097 4049 1422 4106 G;1²c2co=rd:

799 4110 822 4156 G
832 4125 853 4157 e.
889 4110 955 4172 Ergo
973 4121 1092 4158 momente
1107 4111 1237 4172 ponderum
1255 4129 1269 4160 s
1287 4125 1311 4160 et
1327 4116 1348 4169 u
1365 4127 1421 4162 srmt

795 4172 857 4220 inter
873 4189 898 4220 se
914 4184 942 4221 ut
958 4181 1010 4231 ιχ
1026 4173 1079 4230 Fd,
1097 4177 1181 4233 etb><
1198 4177 1255 4234 Ge;
1273 4189 1420 4226 seusuntut

795 4235 856 4283 t'scts
866 4252 895 4284 ex
914 4237 1054 4298 ponderibus
1069 4238 1095 4285 in
1110 4255 1153 4286 sus
1163 4240 1287 4300 respective
1297 4243 1371 4302 spetis
1381 4258 1420 4290 eo·

795 4298 849 4346 dem
867 4311 971 4361 tempore
988 4317 1102 4362 percursa.
1120 4303 1224 4365 sdeiique
1239 4305 1309 4351 etism
1321 4316 1349 4353 ut
1359 4305 1421 4355 t'scts

794 4379 824 4410 ex
845 4365 987 4425 ponderibus
1007 4366 1032 4412 in
1049 4383 1102 4413 suns
1122 4366 1247 4427 respectivd
1272 4368 1420 4426 velocimtese

794 4427 893 4488 qusresi
909 4428 971 4476 fecte
987 4429 1027 4477 ills
1044 4430 1142 4492 equalis
1157 4431 1208 4485 sint,
1226 4443 1267 4479 sut
1283 4433 1347 4494 quod
1357 4434 1419 4482 idem

794 4501 835 4545 est.
853 4492 872 4538 si
891 4492 994 4553 pondera
1009 4510 1051 4541 seu
1068 4495 1125 4542 vires
1136 4494 1182 4541 sint
1193 4496 1308 4556 reciproci
1319 4507 1347 4543 ut
1358 4497 1420 4545 relo-

794 4553 874 4601 citstes
892 4557 1022 4605 secundrim
1040 4558 1175 4605 directiones
1191 4559 1275 4606 virium
1291 4561 1418 4616 esum-re,

795 4617 839 4664 erit
850 4619 1013 4681 equilibrium.
1051 4623 1083 4678 Q.
1095 4638 1116 4668 e·
1130 4621 1153 4667 d.

829 4687 881 4730 lot.
898 4687 977 4733 Cor-ott.
1002 4684 1064 4732 clm
1076 4700 1102 4732 er
1115 4687 1283 4742 demonstretis,
1300 4697 1420 4737 momentu

794 4743 878 4794 virium
897 4748 944 4796 sint
961 4764 1053 4811 semper
1071 4762 1097 4796 ut
1114 4749 1175 4796 lecu
1193 4765 1221 4797 er
1240 4752 1263 4798 ri
1281 4753 1418 4815 quintet»
