3188 5444
230 525 290 581 186
530 495 874 571 -r’fflwsoPfflAE
896 493 1165 561 NATURALIS
1231 491 1341 573 [nter.
1354 492 1502 559 Οοιινοι.

462 878 749 950 PROPOSITIO
779 876 910 944 XVIII.
934 870 1191 938 PROBLEMA
1213 869 1258 934 X.

184 1090 189 1099 ’
231 1083 320 1146 Dotis
332 1079 465 1143 mobilico
485 1085 514 1138 et
527 1073 630 1136 cnidus
645 1067 861 1154 princrbnlibus
882 1062 1040 1128 describere
1047 1059 1231 1145 trajecimus
1250 1059 1432 1142 eiiipticcset
1445 1059 1498 1143 ty-

263 1187 438 1271 perboliccs,
453 1202 518 1266 qrae
531 1177 697 1243 transibunt
704 1195 764 1257 per
773 1180 884 1255 porreta
899 1172 983 1245 dato,
1004 1177 1033 1230 et
1057 1176 1151 1230 rectas
1160 1165 1308 1248 positione
1322 1166 1411 1228 datas
1430 1185 1499 1227 con·

268 1295 395 1377 tingeret.

272 1487 320 1555 Sit
335 1487 358 1552 S
372 1477 542 1547 communis
556 1471 718 1538 umbilicus
739 1466 927 1554 figurarum
951 1463 982 1526 A
998 1462 1026 1526 Β
1047 1457 1209 1547 longitudo
1230 1457 1297 1521 axis
1318 1453 1498 1541 principalis

228 1592 410 1681 trajectoriae
431 1583 582 1673 cujusvis3
605 1579 633 1645 P
646 1586 795 1662 punctum
808 1591 866 1657 per
880 1568 964 1656 quod
985 1564 1165 1653 trajectorin
1177 1563 1271 1628 debet
1290 1563 1440 1638 transire3
1465 1576 1498 1624 et

224 1703 255 1767 T
278 1703 406 1766 Rrecta
419 1714 511 1781 quam
525 1688 618 1753 debet
639 1697 775 1770 tangere.
825 1726 850 1754 ,.

225 1809 342 1874 Centro
359 1804 387 1868 P
400 1797 563 1866 intervallo
579 1793 611 1858 A
626 1791 721 1856 B-S
736 1790 773 1868 P,
877 1851 908 1921 v
1084 1821 1135 1896 ‚P
1378 1834 1434 1908 ’P

224 1912 251 1976 si
272 1909 373 1974 orbito
386 1907 426 1972 sit
439 1901 562 1987 ellipsis,
578 1895 627 1961 vel
642 1895 674 1960 A
690 1892 718 1958 Β
737 1902 770 1971 ÷
850 1894 914 2014 N
1004 1879 1037 1950 R

226 2016 299 2095 SP,
315 2016 341 2080 si
355 2016 392 2078 dn
406 2011 446 2076 sit
456 2002 637 2094 hyperbole,
659 1998 775 2064 descri-
927 1988 985 2064 κΤ

482 2373 492 2405 9

226 2435 309 2498 idem
323 2431 363 2497 nd
378 2429 417 2507 V,
433 2440 469 2491 ut
479 2426 518 2490 sit
532 2424 564 2489 T
586 2423 616 2483 V
639 2422 764 2509 aequtlls

226 2543 250 2610 S
266 2542 316 2618 T;
340 2555 507 2626 centroque
532 2541 562 2604 V
584 2560 616 2606 et
638 2539 799 2605 intervallo
815 2541 846 2604 A
862 2538 891 2604 B
914 2539 1107 2604 describatur
1131 2540 1265 2606 circulus
1290 2541 1318 2607 F
1332 2541 1381 2607 H.
1426 2540 1506 2610 Hic

224 2650 374 2717 methodo
388 2651 452 2714 sive
466 2648 579 2713 dentur
592 2649 657 2714 duo
673 2662 789 2734 puncta
804 2648 840 2726 P,
857 2670 889 2734 p,
913 2650 977 2714 sive
991 2649 1063 2714 duae
1077 2663 1238 2739 tangentes
1254 2651 1286 2717 T
1301 2653 1342 2732 R,
1359 2664 1413 2731 tr,
1436 2653 1504 2720 sive

185 2800 188 2807 ·
223 2771 374 2846 punctum
391 2757 464 2822 Pet
476 2771 607 2846 tangens
622 2757 654 2823 T
670 2759 710 2836 R,
727 2756 921 2821 describendi
936 2770 1008 2821 sunt
1022 2758 1129 2822 circuli
1144 2759 1217 2823 dno.
1262 2760 1310 2826 Sit
1332 2760 1370 2825 H
1391 2782 1504 2826 eorum

224 2868 401 2935 intersectio
414 2867 596 2944 communis,
619 2878 651 2930 et
665 2865 817 2929 umbilicis
834 2866 867 2942 S,
885 2865 931 2943 H,
954 2889 1013 2930 axe
1028 2866 1082 2930 illo
1096 2867 1170 2931 dato
1184 2867 1376 2933 describatur
1390 2871 1505 2956 trajec-

224 2976 314 3043 toria.
358 2976 441 3042 Dico
455 2975 579 3040 fuctum.
625 2975 707 3039 Nam
721 2973 894 3058 trajectorin
909 2973 1064 3058 descripto
1078 2978 1130 3058 (eo
1144 2974 1229 3059 quod
1245 2975 1321 3041 PH
1337 2985 1370 3052 ÷
1385 2977 1410 3043 S
1425 2977 1504 3043 Pin

225 3084 336 3169 ellipsi,
352 3096 384 3148 et
396 3083 423 3147 P
435 3083 472 3147 H
482 3084 559 3147 -S
573 3082 599 3147 P
610 3082 642 3145 in
653 3081 825 3169 hyperboln
834 3093 975 3167 aequatur
989 3082 1053 3161 axi)
1069 3082 1213 3146 transibit
1226 3103 1284 3167 per
1296 3094 1449 3167 punctum
1461 3084 1503 3163 P,

225 3204 258 3257 ct
273 3195 342 3276 (per
356 3190 488 3254 Lemma
502 3189 656 3274 superius)
678 3201 785 3275 tanget
805 3201 921 3251 rectam
937 3188 968 3251 T
985 3189 1025 3252 R.
1070 3188 1113 3252 Et
1127 3188 1237 3253 eodem
1252 3202 1437 3277 argumento
1449 3192 1504 3259 vel

225 3298 368 3366 transibit
382 3297 489 3362 eudem
503 3319 560 3382 per
574 3309 689 3381 puncta
703 3297 767 3360 duo
790 3297 827 3373 P,
843 3318 875 3382 p,
902 3295 950 3361 vel
975 3311 1082 3386 tanget
1107 3311 1206 3364 rectas
1231 3299 1364 3370 duos.T
1379 3300 1424 3382 R,
1444 3313 1460 3370 t
1472 3324 1502 3370 r.

227 3410 266 3494 (⁸)
283 3408 404 3485 Qus.

447 3671 725 3739 PROPOSITIO
748 3673 846 3738 XIX.
911 3673 1167 3741 PROBLEMA
1190 3673 1253 3739 XI.

221 3837 310 3901 Circo
325 3838 423 3900 datter
438 3837 598 3900 umbilicum
613 3836 1015 3921 trajectoriamparabolicom
1030 3839 1198 3914 describere,
1211 3856 1275 3921 quae
1287 3835 1427 3900 trmuidit
1435 3856 1496 3918 per

465 3952 578 4025 puncta
592 3945 675 4020 dota,
686 3955 715 4007 et
725 3954 818 4008 rector
824 3947 973 4027 positione
988 3946 1075 4053 dmi
1082 3945 1236 4027 continget.

263 4111 311 4176 sit
326 4109 348 4176 S
362 4109 533 4186 umbilicus,
550 4108 578 4172 P
601 4120 750 4193 punctum
764 4122 794 4174 et
810 4110 841 4175 T
855 4111 887 4174 R
912 4122 1042 4197 tangens
1061 4108 1244 4195 trajectorioe
1271 4105 1497 4172 describendae.

221 4215 337 4279 Centro
352 4215 380 4279 P
393 4214 552 4279 intervallo
568 4215 594 4278 P
607 4216 630 4278 S
643 4213 781 4279 describe
796 4215 944 4279 circulum
960 4216 987 4278 F
999 4216 1041 4279 G.
1086 4215 1138 4278 Ab
1151 4213 1297 4277 umbilico
1312 4213 1352 4276 nd
1363 4224 1497 4300 tungen—

219 4336 281 4385 tem
295 4320 419 4387 denntte
432 4321 716 4407 perpendicularem
732 4321 806 4398 ST,
816 4334 847 4387 et
860 4321 978 4405 produc
992 4343 1061 4385 enm
1075 4320 1115 4384 nd
1127 4320 1167 4397 V,
1184 4331 1220 4383 ut
1227 4320 1267 4383 sit
1282 4319 1352 4384 TV
1366 4319 1498 4405 oequnlis

220 4427 243 4492 S
258 4426 297 4490 T.
342 4428 460 4492 Eodem
475 4426 568 4491 modii
582 4426 800 4491 describendus
815 4439 862 4490 est
875 4427 952 4491 alter
977 4427 1108 4491 circulus
1119 4426 1169 4513 fg,
1196 4426 1222 4489 si
1244 4424 1336 4489 datur
1362 4426 1496 4490 alterum

218 4544 367 4618 punctum
386 4555 407 4618 p
415 4558 424 4610 ;
447 4534 495 4598 vel
518 4532 732 4598 inveniendum
749 4533 879 4596 alterum
899 4547 1049 4618 punctum
1062 4555 1092 4609 v,
1108 4533 1133 4595 si
1147 4531 1238 4596 datm
1252 4532 1348 4596 altera
1362 4544 1495 4621 turgent

252 4749 267 4778 ·
300 4743 794 4809 (¹)Siorbtuen115perbomoeusn,
826 4742 1284 4807 mitinrcetiHSultrrSproducti.
