3188 5444
200 475 251 537 xvi
362 501 366 507 ·
758 475 985 543 EDITORIS

242 647 314 710 lam
329 645 407 710 illud
422 645 552 712 concedi
566 669 691 735 aequum
703 659 760 726 est,
784 647 872 736 quod
896 647 1121 712 mathematicis
1136 646 1309 712 rationibus
1332 646 1491 736 colligitur

199 772 231 820 et
244 757 415 822 certissime
430 757 678 836 demonstratum
700 780 834 844 corpora
844 780 958 843 nempe
968 758 1083 835 omnia,
1099 779 1170 843 quae
1181 767 1346 820 moventur
1360 756 1394 819 in
1408 756 1492 821 linei

199 862 303 950 aliqud
319 864 414 929 curvi
429 864 463 928 in
476 865 572 951 plano
586 865 752 951 descripti,
768 888 901 954 quaeque
916 865 1006 931 radio
1019 865 1115 930 ducto
1129 864 1171 928 ad
1189 877 1343 951 punctum
1358 865 1408 928 vel
1422 866 1492 952 qui-

199 994 307 1037 escam
321 973 373 1037 vel
389 986 559 1060 utcumque
576 986 697 1038 motum
719 973 902 1038 describunt
914 996 1002 1039 arem
1014 973 1097 1037 circa
1107 984 1262 1057 punctum
1275 970 1355 1037 illud
1370 984 1493 1058 tempo-

199 1081 286 1145 ribus
300 1081 562 1166 proportionales,
587 1085 692 1172 urgeri
715 1108 735 1148 a
762 1083 879 1148 viribus
905 1106 976 1170 quae
1002 1083 1044 1148 ad
1066 1083 1150 1149 idem
1176 1096 1328 1170 punctum
1352 1083 1492 1148 tendent

201 1191 285 1256 Crim
299 1192 396 1281 igitur
409 1194 443 1257 in
465 1193 609 1259 confesso
624 1195 664 1259 sit
685 1193 769 1280 apud
793 1206 999 1272 astronomos,
1021 1193 1162 1280 planetas
1183 1193 1348 1279 primarios
1374 1191 1493 1256 circrim

198 1302 306 1381 solem,
330 1303 530 1369 secundarios
545 1303 622 1369 verb
637 1305 756 1369 circum
771 1327 844 1369 suos
862 1303 1038 1388 primarios,
1062 1325 1148 1369 meas
1171 1302 1349 1368 describere
1370 1314 1493 1387 tempo·

197 1410 284 1474 ribus
297 1412 568 1497 proportionales3
590 1433 788 1499 consequens
803 1423 901 1476 estut
914 1410 1035 1488 visillu,
1060 1411 1121 1496 qud
1136 1408 1289 1495 perpetud
1304 1408 1493 1496 detorquen-

197 1536 249 1582 tur
263 1540 284 1581 a
297 1519 500 1609 tangentibus
516 1519 683 1584 rectilineis
698 1520 778 1583 etin
792 1519 901 1583 orbitis
916 1517 1094 1583 curvilineis
1109 1519 1227 1582 revolvi
1241 1528 1407 1606 coguntur,
1423 1539 1493 1581 ver·

197 1650 250 1691 sus
265 1649 399 1713 corpora
412 1627 566 1716 dirigatur
581 1650 652 1716 quoe
668 1629 727 1693 sita
741 1640 815 1693 sunt
829 1629 862 1691 in
876 1629 1049 1693 orbitarum
1065 1629 1188 1693 centris.
1228 1627 1312 1692 Haec
1326 1628 1431 1714 itaque
1445 1629 1492 1692 vis

197 1755 261 1797 non
276 1734 382 1820 inepte*
397 1737 502 1799 vocari
513 1749 626 1821 potest,
639 1749 783 1822 respectu
799 1736 926 1823 quidem
935 1737 1076 1822 corporis
1088 1736 1285 1814 revolventis,
1298 1736 1470 1822 centripeta
1482 1757 1491 1810 3

197 1855 341 1926 respectu
356 1855 461 1907 autem
476 1844 617 1928 corporis
632 1844 787 1922 centralis,
811 1845 992 1920 attractiva3
1015 1866 1035 1907 a
1049 1843 1235 1930 quicunque
1249 1842 1376 1908 demrlm
1400 1841 1492 1909 causi

197 1952 273 2016 oriri
287 1951 437 2041 fingatur.

240 2060 329 2137 Quin
343 2073 376 2123 et
389 2059 459 2123 haec
473 2067 597 2145 quoque
612 2054 813 2120 concedenda
827 2070 910 2133 sunt,
933 2069 966 2120 et
980 2055 1197 2119 mathematice
1217 2055 1490 2123 demonstrantur:

171 2220 174 2225 ·
198 2172 232 2236 Si
245 2169 479 2256 corporaplura
489 2181 577 2231 motu
586 2165 732 2254 aequabili
740 2165 981 2231 revolvanturin
990 2164 1115 2229 circulis
1126 2164 1341 2243 concentricis,
1354 2179 1385 2230 et
1394 2165 1493 2252 quad-

196 2291 302 2343 ratura
316 2291 494 2362 temporum
507 2273 739 2361 periodicorum
755 2275 818 2339 sint
827 2287 863 2339 ut
877 2274 950 2339 cubi
965 2274 1183 2339 distantiarum
1198 2297 1216 2338 a
1230 2288 1340 2339 centro
1350 2296 1493 2339 commu-

196 2387 247 2463 ni3
270 2385 351 2450 vires
366 2386 554 2471 centripetas
563 2383 790 2449 revolventium
798 2381 865 2449 fore
875 2383 1035 2471 reciproce
1050 2396 1086 2448 ut
1100 2383 1252 2471 quadrata
1263 2382 1491 2448 distantiarum

197 2492 268 2570 Vel,
290 2493 319 2558 si
333 2514 467 2578 corpora
491 2491 692 2557 revolvantur
711 2491 744 2554 in
759 2491 868 2555 orbitis
883 2513 955 2578 quaa
969 2502 1043 2556 sunt
1056 2491 1181 2556 circulis
1196 2490 1348 2571 finitimae,
1371 2505 1403 2557 et
1422 2494 1492 2579 qui-

196 2613 301 2666 escant
314 2601 487 2666 orbitarum
509 2601 652 2686 apsides;
674 2600 756 2665 vires
779 2602 969 2687 centripetas
990 2603 1217 2667 revolventium
1238 2601 1306 2667 fore
1328 2603 1491 2688 reciproce

198 2723 234 2774 ut
245 2709 397 2797 quadrata
407 2709 633 2774 distantiamrn.
665 2707 819 2775 Obtinere
830 2732 936 2774 casum
947 2709 1131 2776 alterutrum
1146 2712 1180 2774 in
1193 2711 1327 2797 planetis
1338 2713 1492 2777 universis

199 2821 399 2886 consentiunt
413 2819 595 2885 astronomi.
640 2818 751 2905 Itaque
764 2819 845 2884 vires
860 2819 1041 2904 centripetae
1055 2819 1252 2905 planetarum
1262 2820 1404 2885 omnium
1419 2835 1493 2885 sunt

196 2930 356 3016 reciproce
371 2940 408 2993 ut
421 2929 574 3016 quadrata
588 2928 808 2993 distantiarum
828 2929 869 2993 ab
892 2928 1017 2993 orbium
1040 2929 1164 2994 centris.
1211 2930 1246 2994 si
1271 2931 1341 3017 quis
1367 2930 1493 3016 objiciat

194 3037 401 3124 planetarrun,
425 3048 458 3101 et
467 3035 551 3099 lunae
564 3035 750 3121 praesertim,
774 3034 898 3120 apsides
912 3058 977 3099 non
991 3035 1117 3122 penitirs
1132 3037 1310 3124 quiescere3
1333 3038 1389 3103 sed
1403 3051 1492 3103 motu

195 3145 331 3233 quodam
348 3144 434 3209 lento
453 3142 528 3207 ferri
551 3143 585 3206 in
599 3144 837 3230 consequentia:
860 3144 1045 3229 responderi
1063 3157 1178 3230 potest,
1202 3146 1323 3210 etiamsi
1337 3147 1491 3212 concedo-

194 3279 263 3321 mus
285 3255 370 3318 bunc
395 3267 517 3317 motum
542 3252 755 3317 tardissimum
769 3252 884 3318 exinde
899 3252 1074 3338 profectum
1089 3255 1259 3340 essequod
1274 3256 1321 3320 vis
1336 3256 1491 3341 centripe·

194 3377 235 3427 tae
249 3361 412 3449 proportio
424 3361 548 3425 aberret
558 3359 753 3447 aliquantrlm
764 3383 784 3423 a
797 3360 955 3446 duplicata
964 3386 974 3439 3
997 3362 1226 3427 aberrationem
1236 3363 1323 3428 illam
1331 3386 1389 3449 per
1404 3385 1491 3427 com-

192 3485 305 3559 putum
325 3470 580 3535 mathematicum
603 3471 736 3536 inveniri
758 3494 851 3557 posse
881 3486 913 3538 et
933 3473 1027 3558 plane
1056 3474 1268 3552 insensibilem
1290 3462 1366 3540 esse.
1415 3474 1491 3560 Ipsa

194 3583 277 3647 enim
292 3583 371 3646 ratio
397 3581 444 3645 vis
460 3581 643 3666 centripetae
666 3580 795 3660 lunaris,
818 3604 890 3669 quae
913 3584 1054 3646 omnium
1078 3583 1215 3647 maxime
1242 3582 1361 3647 turbari
1383 3582 1488 3660 debet,

193 3693 356 3778 paululum
370 3692 498 3779 quidem
512 3692 703 3776 duplicatam
718 3692 896 3777 superabit;
919 3693 960 3756 ad
983 3692 1065 3756 hanc
1079 3714 1155 3757 vero
1177 3692 1341 3779 sexaginta
1361 3690 1427 3757 fere
1443 3692 1488 3755 vi-

193 3802 281 3865 cibus
297 3797 426 3885 propirls
445 3798 574 3863 accedet
598 3798 692 3885 quim
713 3798 755 3863 ad
779 3800 976 3885 triplicatam.
1023 3801 1087 3867 Sed
1113 3801 1217 3865 varior
1231 3802 1291 3865 erit
1313 3802 1487 3887 responsio,

193 3911 220 3974 si
233 3910 374 3976 dicamus
388 3910 470 3977 hanc
484 3910 628 3994 apsidum
648 3910 911 3996 progressionem,
939 3933 1004 3974 non
1018 3933 1060 3974 ex
1074 3910 1271 3974 aberratione
1285 3933 1305 3974 a
1329 3904 1487 3997 duplicati

192 4023 405 4106 proportione,
429 4020 485 4086 sed
496 4042 537 4085 ex
551 4021 611 4086 alisi
627 4041 756 4105 prorsus
771 4018 893 4084 diversi
905 4019 998 4083 causi
1010 4016 1096 4097 oriri,
1119 4019 1385 4105 quemadmodum
1398 4041 1487 4107 egre·

193 4130 244 4220 gie
258 4142 522 4194 commonstretur
535 4130 568 4193 in
587 4129 648 4193 hac
668 4129 876 4214 philosophia.
924 4129 1034 4194 Restat
1048 4150 1124 4217 ergo
1146 4142 1183 4193 ut
1195 4130 1277 4195 vires
1293 4130 1486 4215 centripetse,

194 4237 306 4325 quibus
320 4237 455 4322 planetae
469 4236 611 4321 primarii
625 4236 760 4301 tendunt
773 4234 881 4301 versrls
897 4235 995 4300 solem
1010 4249 1042 4301 et
1061 4237 1237 4302 secundarii
1252 4236 1359 4303 versris
1369 4238 1486 4324 prima-

194 4350 255 4413 rios
269 4371 353 4426 suos,
376 4349 438 4415 sint
452 4348 595 4414 accurate
611 4362 647 4413 ut
660 4347 812 4436 quadrata
826 4347 1043 4412 distantiarum
1054 4348 1224 4442 reciproce.

239 4457 290 4521 Ex
311 4455 349 4520 iis
364 4479 435 4542 quae
450 4456 602 4522 hactenus
616 4457 701 4521 dicta
716 4468 798 4533 sunt,
815 4468 936 4521 constat
949 4454 1090 4541 planetas
1105 4457 1138 4520 in
1154 4457 1265 4522 orbitis
1280 4457 1343 4519 suis
1358 4457 1485 4522 retineri

194 4589 252 4651 per
265 4568 329 4630 vim
351 4567 488 4654 aliquam
510 4568 543 4631 in
569 4568 654 4653 ipsos
669 4563 823 4651 perpetud
852 4578 1015 4654 agentem:
1039 4579 1160 4631 constat
1188 4567 1251 4630 vim
1280 4564 1365 4628 illam
1391 4565 1484 4652 dirigi

195 4700 318 4765 semper
332 4675 439 4744 versris
454 4679 626 4745 orbitarum
641 4688 764 4743 centra:
788 4688 909 4741 constat
922 4675 1015 4762 hujus
1031 4676 1197 4742 efficaciam
1211 4673 1319 4762 augeri
1334 4673 1367 4739 in
1380 4696 1485 4741 acces·
