3202 5446
105 487 221 556 tusa
234 487 396 573 Patruus]
442 487 681 558 PRINCIPIA
712 490 1080 558 MATHEMATICA.
1197 434 1200 438 *
1325 426 1388 561 ist

594 915 780 994 sucum
804 873 895 996 ΧΠ.

300 1165 360 1239 De
375 1187 562 1262 corporum
577 1165 825 1263 sphaericam
841 1167 973 1242 viribus
989 1170 1190 1244 attractiva.

308 1447 592 1516 PROPOSITIO
615 1449 727 1514 LXX.
773 1449 1044 1517 THEOREMA
1066 1451 1184 1518 XXX.

100 1639 140 1704 ss·
152 1639 196 1702 ad
208 1637 360 1720 sptaeacae
377 1638 541 1720 superficiei
555 1647 669 1720 puncta
689 1639 807 1722 singula
829 1639 952 1702 tendant
974 1641 1051 1704 vires
1073 1642 1199 1722 aeqrrales
1221 1642 1388 1725 cenlrr'pelae

146 1747 339 1810 decrescentes
352 1746 385 1807 in
407 1744 560 1826 duplicatd
581 1744 700 1808 ratione
722 1746 931 1808 distantiarum
945 1767 966 1807 a
975 1747 1114 1828 punctis:
1136 1747 1202 1810 dico
1225 1752 1302 1831 quod
1324 1772 1388 1812 con

140 1854 294 1938 puralium
309 1853 392 1916 intra
405 1853 582 1935 arperficiem
596 1854 779 1916 consitutum
794 1853 841 1916 Iris
854 1853 964 1917 uiribus
977 1854 1088 1918 nullam
1103 1855 1136 1917 in
1152 1865 1269 1938 partem
1290 1866 1388 1922 altru-

143 1960 236 2023 lritur.
339 1981 341 1984 ⁴

147 2151 198 2218 Sit
213 2150 251 2217 H
266 2151 282 2215 1
300 2150 332 2215 K
349 2150 378 2217 L
394 2148 573 2235 superficies
588 2149 643 2213 illa
655 2147 818 2234 sphaerica,
835 2160 867 2213 et
882 2147 910 2213 P
929 2148 1148 2232 corpusculum
1171 2150 1254 2215 intus
1276 2165 1389 2218 oonsu-

101 2272 218 2326 tutum.
261 2262 325 2326 Per
341 2261 368 2326 P
382 2276 515 2350 agantur
529 2262 570 2325 ad
584 2261 666 2327 hanc
681 2260 876 2346 superficiem
890 2260 982 2324 lineae
995 2260 1067 2325 duae
1084 2261 1120 2326 H
1137 2262 1179 2341 K,
1203 2263 1219 2327 1
1237 2263 1275 2342 L,
1299 2288 1388 2332 arem

65 2403 71 2413 ·
100 2392 199 2458 quam
213 2371 358 2434 minimos
374 2371 411 2436 H
427 2373 456 2450 1,
475 2371 507 2436 K
524 2371 552 2436 L
567 2372 816 2456 intercipientes3
838 2384 878 2448 et,
896 2370 937 2434 ob
951 2370 1105 2459 triangula
1120 2372 1158 2437 H
1173 2373 1201 2437 P
1216 2373 1244 2453 I,
1268 2374 1296 2439 L
1312 2374 1340 2440 P
1355 2374 1389 2440 K

101 2487 174 2567 (per
191 2481 297 2547 Corol.
325 2492 355 2548 8.
383 2482 472 2546 Lem.
497 2482 589 2563 VII.)
612 2482 650 2566 (⁰)
673 2480 793 2558 similia,
979 2471 981 2476 ⁵

100 2613 193 2658 arcus
207 2591 252 2656 illi
267 2607 359 2656 erunt
373 2593 524 2657 distantiis
541 2592 577 2657 H
591 2593 627 2670 P,
641 2592 671 2656 L
684 2593 795 2677 Ppro-

99 2698 306 2783 portionalem
323 2713 355 2764 et
365 2699 539 2783 superficiei
550 2695 712 2784 sphaericai
722 2719 794 2782 par·

101 2800 207 2866 ticuloe
218 2802 335 2887 quaevis
349 2802 388 2865 ad
406 2802 443 2866 H
458 2802 474 2866 1
486 2814 518 2866 et
528 2801 561 2866 K
576 2802 616 2878 L,
632 2801 723 2865 rectis
737 2822 795 2886 per

101 2911 530 2996 punctumPtranseuntibus
541 2910 677 2996 undique
688 2910 794 2973 termi-
868 2959 890 3024 I

102 3031 198 3096 natta,
228 3032 320 3083 arunt
348 3020 381 3081 in
406 3017 560 3103 duplicati
586 3017 639 3080 illt
664 3017 792 3081 ratione.
847 3060 888 3134 Η

102 3125 197 3214 Pago
211 3125 292 3191 vires
307 3125 419 3189 harum
433 3124 653 3209 particularum
673 3124 705 3188 in
725 3147 795 3188 cor·

99 3256 160 3319 pus
178 3235 207 3300 P
222 3235 368 3300 exercita
391 3248 464 3298 sunt
489 3234 569 3297 inter
593 3256 625 3298 se
649 3232 792 3318 aequules.

102 3343 187 3407 Sunt
201 3341 284 3406 enim
300 3356 335 3405 ut
345 3341 505 3425 particular
515 3340 641 3418 directa,
654 3355 686 3405 et
696 3341 794 3426 quad·

100 3464 170 3514 rata
187 3449 403 3515 distantiarum
425 3451 556 3513 inverse.
602 3449 645 3513 Et
659 3448 709 3512 hae
723 3450 794 3512 duae

101 3559 238 3623 rationes
253 3569 446 3641 componunt
465 3556 617 3619 rationem
637 3555 795 3640 oequalitu·

100 3667 151 3732 tis.
196 3668 409 3733 Attractiones
424 3667 528 3753 igitur,
546 3667 577 3729 in
593 3667 762 3730 contrarias
786 3679 889 3751 partes
911 3669 1071 3755 oequaliter
1093 3669 1193 3749 lactae,
1221 3695 1254 3736 se
1277 3685 1385 3737 mutuo

100 3778 274 3843 destruent.
320 3777 364 3842 Et
377 3777 469 3841 simili
485 3789 678 3863 argumento,
696 3776 893 3841 attractiones
908 3800 1014 3842 omues
1025 3800 1082 3862 per
1097 3791 1192 3843 totam
1203 3780 1385 3864 sphaericam

101 3890 297 3976 superficiem
323 3913 342 3953 a
367 3889 528 3953 contrariis
555 3888 787 3952 attractiouibus
808 3879 1024 3952 destruuntur}
1062 3889 1199 3954 Proinde
1221 3913 1333 3975 corpus
1357 3891 1385 3956 P

100 4001 218 4065 nullam
235 4002 267 4065 in
282 4014 403 4085 partem
418 3999 466 4063 his
482 3998 715 4063 attractionibus
731 3997 907 4082 impellitur.
953 3997 994 4074 Q.
1009 4020 1037 4062 e.
1052 3998 1084 4063 d.

1067 2962 1096 3034 P

192 4237 206 4265 ⁶
229 4235 324 4291 samaia,
342 4234 384 4280 stc.
420 4232 512 4296 Anguli
529 4230 592 4279 enim
613 4232 640 4279 H
662 4231 684 4280 P
704 4231 725 4287 1,
759 4231 782 4282 P
799 4233 875 4281 ducta
893 4233 1053 4298 intelligantur
1069 4234 1197 4284 innumera
1213 4246 1281 4284 recte
1298 4238 1328 4287 ad
1344 4256 1382 4290 u.

101 4299 124 4350 L
173 4298 473 4358 Kndverticemoppositi,
491 4306 515 4343 et
531 4295 612 4359 :apli
631 4296 657 4343 H
670 4296 684 4343 I
697 4296 725 4350 L.
757 4313 799 4344 cus
819 4298 998 4360 quamminimos
1018 4309 1045 4346 ut
1064 4301 1089 4348 H
1113 4300 1134 4357 l,
1156 4301 1180 4347 K
1200 4301 1223 4348 L
1245 4303 1380 4364 seminate,

102 4364 164 4413 LK
178 4364 204 4411 H
216 4363 292 4410 eidam
311 4363 373 4409 ursui
393 4364 523 4407 insistemus
540 4371 662 4421 aquantur
678 4368 730 4424 (per
761 4373 829 4408 παι·
840 4362 887 4408 ille
897 4361 983 4426 figuras
999 4364 1084 4411 solidas
1101 4365 1241 4428 (pyramides
1251 4366 1288 4413 vel
1298 4371 1379 4432 annos)

101 4427 173 4488 uma
187 4431 226 4476 27.
246 4427 299 4474 Lu
318 4433 342 4472 3.
363 4425 454 4485 Elem.)
474 4425 536 4471 Nam
553 4439 619 4470 arcus
636 4439 729 4472 aranas-
760 4425 847 4472 similes
863 4425 997 4473 formabunt
1015 4443 1116 4489 quorum
1134 4431 1199 4475 bases
1217 4429 1241 4477 iu
1261 4433 1381 4494 superfiuis

101 4500 179 4540 centa
193 4491 206 4540 Ι
220 4491 255 4548 H,
269 4490 295 4538 K
308 4490 337 4546 L,
349 4506 391 4550 pro
401 4489 504 4549 ipsorum
515 4487 607 4534 mordis
622 4489 728 4548 usurpari
760 4490 870 4549 sphaerici
882 4490 968 4537 similes
978 4502 1052 4546 erunt,
1065 4502 1087 4539 et
1098 4491 1194 4552 proindt
1206 4497 1258 4555 (per
1266 4495 1333 4543 Lem.
1341 4498 1379 4559 5.)

101 4551 725 4676 nm·
1311 4560 1337 4639 ¹¹-
1356 4562 1378 4620 ¹*

368 4652 375 4675 ἲ
1203 4657 1209 4672 ο
1265 4643 1305 4674 ΤΟ

102 4684 190 4732 ethius
200 4684 220 4732 si
230 4683 261 4732 ad
272 4683 416 4745 superficiem
425 4681 558 4743 sphaericam
567 4696 607 4743 per
613 4691 728 4744 puuctum
758 4682 802 4730 lac.
1123 4653 1130 4679 ’
1276 4643 1293 4689 g
1315 4642 1378 4686 Μ’

727 4767 779 4815 Η
