3202 5446
92 527 206 595 Lmen
223 526 390 606 Sacrum]
438 524 684 592 PRINCIPIA
708 523 1087 593 MATHEMATICA.
1315 527 1374 589 641

94 718 187 763 suum
200 710 356 782 perpetuo
369 707 481 774 servet,
505 696 542 782 (f)
558 709 590 760 et
603 695 718 783 glacies
733 695 869 783 quietem
883 718 982 761 suam.
1028 695 1069 761 In
1084 694 1287 782 sequentibus
1298 693 1397 785 igitar

94 807 136 872 sit
157 807 181 872 S
196 805 229 872 T
242 804 395 869 diameter
415 804 576 869 foraminis
598 805 758 870 circularis
780 817 890 870 centro
905 805 933 871 Z
947 805 1097 890 descripti
1120 828 1179 890 per
1201 804 1290 892 quod
1311 817 1398 872 cata·

93 928 181 980 ructa
194 913 293 980 effluit
307 936 348 978 ex
362 937 436 979 vase
450 915 506 979 ubi
521 937 603 1001 aqua
617 927 683 980 tota
697 914 731 978 in
746 937 819 980 vase
832 914 932 979 fluida
944 925 1002 981 est.
1042 913 1087 978 Et
1100 913 1141 978 sit
1157 915 1186 979 Ε
1201 913 1229 981 Ε
1243 912 1397 980 diameter

93 1021 254 1088 fttmminis
267 1044 327 1107 per
341 1022 427 1110 quod
439 1036 596 1088 cataracta
618 1024 760 1089 cadendo
782 1022 946 1111 adaquati
967 1022 1087 1101 transit,
1115 1023 1180 1088 sive
1201 1046 1283 1110 aqua
1304 1035 1397 1088 exeat

94 1152 136 1197 ex
150 1154 223 1198 vase
237 1131 450 1218 perforamen
465 1133 544 1197 illud
559 1135 703 1219 superius
720 1134 744 1199 S
760 1133 801 1211 T,
818 1133 882 1196 sive
897 1131 990 1196 cadat
1003 1154 1060 1217 per
1076 1131 1214 1196 medium
1228 1131 1340 1220 glaciei
1360 1131 1395 1196 in

94 1262 168 1306 vase
186 1252 338 1328 tanquam
359 1264 418 1326 per
439 1238 681 1305 infundibulum.
727 1240 771 1305 Et
796 1240 837 1305 sit
862 1239 1016 1304 diameter
1035 1239 1198 1304 foraminis
1225 1238 1395 1324 superioris

97 1348 121 1415 S
135 1347 169 1414 T
182 1348 224 1413 ad
237 1347 426 1414 diametrum
451 1349 607 1414 inferioris
623 1349 653 1414 E
669 1349 749 1414 Fut
763 1356 805 1416 25
821 1350 863 1414 ad
877 1356 916 1414 21
936 1348 1069 1427 circiter,
1097 1360 1129 1413 et
1150 1347 1298 1413 distantia
1321 1369 1396 1432 per·

94 1458 305 1546 pendicularis
319 1461 402 1524 inter
414 1459 510 1544 plana
521 1459 711 1524 foraminum
725 1459 854 1547 aqualis
871 1459 911 1523 sit
925 1459 1079 1523 diametro
1093 1457 1255 1522 foraminis
1265 1454 1396 1519 minoris

96 1565 180 1632 EF.
226 1567 270 1632 Et
291 1567 440 1632 velocitas
461 1590 553 1654 aquoe
574 1590 593 1633 e
613 1591 688 1633 vase
708 1590 767 1654 per
787 1567 930 1632 foramen
957 1567 1029 1634 ST
1052 1567 1195 1631 exeuntis
1221 1587 1259 1630 ea
1283 1564 1342 1627 erit
1362 1561 1396 1626 in

92 1674 166 1761 ipso
185 1673 339 1740 foramine
358 1676 505 1740 deorsum
529 1698 623 1760 quam
649 1697 764 1762 corpus
785 1675 929 1741 cadeudo
948 1698 967 1739 a
984 1673 1115 1739 dimidio
1141 1672 1312 1738 altitudinis
1335 1671 1352 1737 1
1368 1670 1396 1736 Z

94 1784 258 1872 acquirere
280 1798 400 1870 potest:
430 1784 579 1850 velocitas
604 1797 710 1851 autem
735 1797 900 1851 cataracte
925 1785 1089 1872 utriusque
1111 1784 1251 1849 cadentis
1277 1806 1315 1847 ea
1336 1781 1397 1845 erit

95 1892 129 1957 in
149 1892 303 1957 foramine
326 1891 409 1972 EF,
436 1915 531 1979 quam
556 1914 671 1980 corpus
693 1893 837 1960 cadendo
858 1893 899 1959 ab
923 1892 1088 1959 altitudine
1109 1891 1175 1958 tott
1202 1890 1269 1956 lG
1293 1890 1328 1975 (¹)
1343 1911 1419 1969 ao-·

95 2011 207 2088 quiret

140 2112 211 2176 uas.
226 2115 257 2173 2.
304 2109 339 2176 Si
363 2108 506 2175 foramen
529 2109 604 2176 EF
624 2131 690 2175 non
711 2110 753 2176 sit
772 2110 806 2175 in
827 2109 935 2175 medio
957 2109 1047 2175 fundi
1066 2110 1159 2186 vasis,
1186 2107 1244 2174 sed
1261 2106 1396 2172 fundum

94 2219 170 2286 alibi
193 2218 393 2304 perforetur:
420 2243 502 2308 aqua
524 2220 631 2287 effluet
651 2220 762 2287 eidem
784 2244 856 2287 cum
879 2221 1044 2288 velocitate
1067 2245 1105 2288 ac
1125 2220 1223 2307 priris,
1251 2221 1277 2285 si
1298 2215 1395 2283 modd

95 2329 206 2395 eadem
230 2331 272 2394 sit
296 2330 458 2397 foraminis
487 2330 682 2420 magnitudo.
728 2332 813 2396 Nam
836 2353 934 2419 grave
958 2332 1070 2419 majori
1095 2331 1224 2419 quidem
1253 2341 1395 2414 tempore

96 2436 260 2503 descendit
282 2438 323 2502 ad
346 2440 480 2504 eandem
502 2439 748 2525 profunditatem
771 2441 807 2528 (⁴)
823 2464 882 2527 per
905 2441 1020 2507 lineam
1040 2441 1200 2528 obliquam
1222 2439 1315 2527 quaim
1336 2461 1396 2524 per

94 2545 211 2611 lineam
224 2547 526 2632 perpendicularem,
550 2544 606 2614 sed
621 2546 843 2614 descendendo
856 2531 989 2614 eandem
1003 2549 1200 2615 velocitatem
1214 2548 1347 2636 acquirit
1360 2547 1395 2610 in

95 2667 228 2742 utroque
243 2676 327 2733 casu,
344 2655 385 2740 (⁸)
401 2669 437 2720 ut
452 2655 604 2721 Galiloens
619 2655 854 2722 demonstrarit.

140 2764 211 2829 cas.
234 2771 264 2828 8.
309 2762 431 2829 Eadem
452 2776 505 2838 ,est
528 2786 620 2850 aquae
641 2764 790 2830 velocitas
821 2762 974 2829 effluentis
996 2764 1218 2850 perforamen
1241 2763 1275 2826 in
1297 2761 1395 2826 latere

95 2873 185 2939 rasis.
231 2871 314 2938 Nam
337 2872 365 2938 si
385 2873 528 2938 foramen
548 2895 681 2958 parrum
703 2873 751 2951 ait,
777 2873 818 2959 (¹)
834 2885 870 2937 ut
890 2871 1089 2938 intervallum
1112 2873 1194 2936 inter
1212 2869 1394 2955 superficies

129 3068 163 3134 (¹)
176 3074 189 3100 ⁹
204 3071 239 3118 Be
254 3070 340 3131 glucies
358 3071 459 3133 quietam
475 3085 551 3116 suom.
587 3068 663 3114 Sumo
677 3083 731 3114 rusa

96 3131 291 3208 ducequpliaA
305 3134 327 3181 Β
342 3134 366 3181 D
380 3132 516 3190 estote,
529 3133 553 3178 in
565 3146 666 3206 quorum
682 3131 730 3207 pri·

96 3198 385 3324 ll‘ao‘lfa'ffllilll
395 3196 655 3316 dimili,
665 3206 731 3321 :252

97 3336 236 3374 mecum
246 3329 312 3376 ebro
319 3326 351 3376 fc
361 3341 379 3374 n
399 3325 522 3372 formando
532 3324 613 3372 effluat
620 3324 730 3385 perfora·

97 3404 154 3438 uun
164 3405 178 3438 e
188 3390 304 3438 tenuem
314 3406 380 3438 vena
389 3400 513 3438 contractae
524 3405 538 3437 e
548 3389 663 3436 foramine
676 3388 730 3436 ΕΕ

98 3454 216 3502 exilientis
231 3454 335 3518 equale,
355 3466 379 3502 et
396 3455 448 3502 loco
466 3454 526 3500 rasis
545 3455 569 3501 A
584 3454 605 3501 Β
619 3453 645 3501 D
658 3453 686 3510 C,
705 3453 730 3501 in

102 3518 256 3569 manau·
262 3519 378 3567 solutione
384 3519 491 3566 substitui
499 3519 626 3578 poteritne
630 3518 730 3565 altarum

97 3583 198 3641 abde,
217 3583 243 3632 in
261 3597 310 3646 quo
325 3598 393 3645 aqua
408 3598 450 3644 per
465 3584 546 3630 lumen
562 3581 730 3630 efeffluantis

98 3647 622 3723 adamatvdocitatquamaquaemssl
636 3647 658 3694 Β
672 3646 729 3694 DC

99 3712 488 3761 exilienshabetinsecttonerenae
496 3709 730 3768 wammam-

131 3776 254 3838 eprointld
264 3792 332 3839 aqut
342 3776 459 3839 quantitas
469 3777 495 3822 in
506 3774 628 3824 defluxum
638 3775 729 3835 impen-

98 3791 170 3900 diw,
186 3851 211 3890 et
221 3839 342 3903 propter&
357 3839 420 3889 idem
430 3855 497 3902 aquae
508 3839 600 3901 pondus
607 3839 684 3888 fundo
694 3839 730 3885 in-

99 3905 224 3954 cambitio
235 3917 336 3968 utroqtm
352 3921 412 3953 vase.
449 3904 569 3960 Quoniam
586 3904 650 3951 enim
668 3913 731 3952 cata·

98 3969 293 4020 mabmt‘e
305 3983 323 4016 n
345 3967 644 4032 figuraetlarsecundbm
659 3981 731 4029 quarn

99 4047 160 4097 tque
170 4033 285 4083 aureoli
295 4032 337 4082 illl
348 4045 456 4081 moretur
471 4042 533 4080 notae
549 4042 611 4088 sunt,
634 4031 731 4080 Proble-

99 4099 169 4146 matis
186 4099 273 4148 solutio
288 4108 312 4146 et
328 4098 418 4146 facilior
433 4107 457 4146 at
474 4096 550 4161 magis
568 4095 732 4144 mathematica

100 4161 148 4219 fiat,
168 4163 257 4212 ailcoo
272 4161 733 4211 vestsABDCmenaesubstiuutur

99 4241 140 4274 ras
149 4243 165 4274 a
174 4228 190 4276 b
200 4228 217 4275 d
227 4243 248 4276 c

132 4290 166 4355 (⁸)
179 4295 193 4324 ⁹
206 4294 327 4357 Aequis-st.
364 4292 426 4340 Huc
437 4305 465 4338 ex
482 4288 554 4352 suprd
569 4290 733 4338 demonstratis

99 4365 195 4484 pff·
209 4425 257 4471 Per
266 4424 351 4471 Ιίνιιαηι
365 4423 489 4484 obliquum.
527 4420 557 4468 lu
568 4421 614 4466 boe
629 4418 733 4466 secundo

100 4497 227 4598 aaz„
242 4502 311 4551 squas
327 4501 367 4546 per
383 4485 457 4532 lineas
467 4485 497 4531 ad
510 4484 615 4532 foraruen
626 4483 733 4546 obliquas

204 4561 230 4599 rt.

102 4675 116 4725 1
129 4614 169 4739 )(')
178 4619 191 4646 ⁸
200 4618 231 4664 Ut
241 4618 353 4664 aarum
360 4617 526 4663 ammonas
536 4616 586 4678 (81.
596 4623 620 4660 et
628 4617 665 4661 85.
677 4611 729 4660 Lib.

135 4743 172 4806 (¹)
185 4750 240 4792 275.
267 4749 279 4774 ⁸
303 4747 335 4792 Ut
352 4745 503 4792 intervallum
523 4746 585 4791 inter
601 4743 733 4808 superficies

102 4808 270 4859 uscarl„
307 4808 510 4857 chstale
528 4809 552 4853 in
569 4807 657 4854 ratione
674 4821 733 4868 qua·

102 4871 236 4984 dpupliclati
253 4872 361 4921 numeni
383 4873 406 4920 Β
425 4872 445 4919 p
464 4872 493 4919 ad
512 4873 652 4920 &mecum
672 4875 692 4919 Α
709 4871 743 4980 Βδ

128 4938 174 4987 ὀι.
202 4979 208 4990 ,
737 4935 765 4982 's
