3202 5446
160 536 271 600 Lruutt
287 533 452 610 suenum]
485 525 728 594 PRINCIPIA
751 521 1125 591 MATHEMATIGA.
1367 523 1426 584 587

398 740 681 808 PROPOSITIO
704 736 781 807 XV.
826 737 1098 805 THEOREMA
1121 735 1204 804 XII.

154 877 193 943 Si
205 874 298 938 medii
311 872 445 935 densitas
459 871 493 933 ia
507 871 580 934 locis
594 870 720 954 singtilis
734 871 776 933 sit
789 864 940 951 reciproci
953 877 987 931 ut
1001 867 1149 930 distantia
1170 866 1298 930 lxmam
1313 884 1334 927 a
1347 869 1450 927 centro

200 979 354 1055 immobili,
378 978 474 1062 sitque
488 978 534 1041 vis
549 978 716 1059 centripeta
727 978 761 1039 ia
775 973 930 1058 duplicati
945 976 1065 1037 ratione
1079 971 1259 1045 densitatisf
1283 971 1350 1035 dico
1371 967 1453 1056 qaod

198 1111 306 1172 corpus
316 1090 428 1173 gyrari
436 1097 538 1170 potest
553 1088 587 1149 ia
601 1087 722 1169 spirali,
746 1104 813 1169 qua
827 1085 931 1146 radios
945 1104 1043 1146 omnes
1057 1104 1077 1144 a
1091 1085 1193 1146 centro
1212 1083 1266 1145 ilio
1280 1081 1382 1145 ductos
1402 1077 1452 1141 ia·

200 1206 329 1262 terserat
344 1198 377 1259 in
392 1197 504 1279 angrtto
519 1196 602 1257 dato.

202 1323 368 1387 Ponuntur
383 1342 454 1404 quae
469 1319 502 1381 in
524 1318 684 1402 superiore
707 1316 879 1394 Lemmate,
902 1327 934 1382 et
946 1317 1138 1401 producatur
1155 1317 1178 1381 S
1194 1313 1227 1391 Q
1241 1306 1282 1378 od
1299 1307 1338 1390 V,
1362 1327 1397 1376 ut
1410 1311 1452 1377 sit

159 1429 231 1497 SV
245 1429 373 1516 aequalis
390 1430 413 1494 S
430 1429 466 1492 P.
513 1427 672 1509 Tempore
687 1426 805 1512 quovis,
822 1427 856 1488 in
870 1426 974 1490 medio
985 1427 1156 1504 resistente,
1173 1423 1328 1490 describat
1337 1444 1451 1511 corpus

157 1559 266 1602 arcum
275 1534 369 1622 quim
378 1535 541 1598 minimum
551 1534 622 1609 PQ,

157 1659 191 1710 et
218 1657 360 1728 tempore
390 1642 487 1726 duplo
517 1664 624 1706 arcum

158 1751 253 1839 quinn
277 1752 440 1815 minimum
469 1751 496 1816 P
513 1750 563 1826 R;
593 1762 625 1813 et

157 1860 360 1924 decremento
370 1859 483 1921 horum
494 1880 624 1921 arcuum

157 1990 199 2031 ex
213 1966 387 2032 resistenti&
399 1966 542 2043 oriundo,
559 1967 624 2030 sive

156 2075 297 2140 defectus
312 2075 352 2138 ab
363 2074 506 2150 arcubus,
523 2075 576 2161 qui
591 2074 623 2137 in

156 2183 264 2247 medio
289 2205 354 2246 non
384 2182 546 2246 resistente
572 2183 624 2246 iis-
717 2183 723 2203 ¹

156 2291 231 2355 dem
254 2291 446 2376 temporibus
469 2290 624 2354 describe·

155 2413 277 2478 rentur,
305 2400 344 2485 (ὓ)
360 2413 452 2464 erunt
479 2401 520 2464 ad
545 2402 624 2465 invi·

156 2531 228 2574 cem
258 2523 293 2573 ut
321 2510 475 2596 quadrato
503 2523 625 2594 tempo-

156 2638 229 2679 rum
244 2617 277 2679 in
289 2616 401 2700 quibus
413 2631 603 2703 generantur
615 2642 622 2680 :

157 2725 218 2789 Fet
250 2725 354 2810 imque
391 2723 624 2788 decrementum

155 2833 247 2897 arens
263 2832 423 2918 Ponrs
439 2845 548 2919 quarta
563 2832 752 2898 decrementi
767 2833 858 2899 arctis
882 2835 910 2899 P
927 2835 968 2899 R.
1013 2835 1049 2920 (⁸)
1068 2833 1165 2900 Unde
1186 2833 1290 2910 etiam,
1317 2833 1344 2897 si
1365 2854 1447 2898 arem

157 2943 187 3012 P
203 2943 227 3007 S
243 2943 276 3019 Q
291 2942 420 3028 aequalis
435 2941 573 3030 cupiatur
587 2968 661 3009 area
676 2944 709 3021 Q
726 2947 749 3010 S
763 2966 789 3023 r,
807 2945 865 3009 erit
880 2944 1112 3007 decrementum
1129 2941 1220 3006 arcius
1237 2942 1265 3006 P
1280 2941 1313 3018 Q
1327 2942 1447 3026 aequole

167 3088 225 3166 ,(ῑ)
239 3091 251 3118 ”
265 3091 503 3140 Emntodinoicem.
536 3090 786 3139 Cbmenimreristen-
818 3105 861 3136 seu
877 3095 892 3136 ‘2
906 3090 1001 3152 Qq=
1016 3089 1199 3135 lev-u:
1213 3087 1266 3142 ur,
1286 3095 1309 3134 et
1325 3084 1381 3160 ideb
1396 3087 1447 3152 Qq

154 3165 336 3266 zm:
350 3156 787 3283 (¹3)‚¹b{2‡¹;'i§t:¹ttsttt?tttt
818 3154 966 3281 xiib
981 3152 1447 3279 ibbfftffli'ttt'fi‘tb

153 3295 210 3330 nim
229 3282 296 3338 PQ.
315 3283 373 3331 PR
389 3299 418 3331 ox
434 3282 562 3330 resistentib
572 3284 671 3330 oriunda
687 3294 742 3329 suut
758 3292 785 3330 ut
1489 3291 1494 3298 '

154 3339 231 3407 spatio
249 3362 302 3408 quie
324 3357 421 3410 urgente
438 3349 459 3393 vi
479 3346 635 3394 uccelemtrice
651 3346 785 3393 resistentie

155 3411 241 3471 oequsli
253 3426 335 3470 corpus
343 3411 481 3458 describeret
491 3411 572 3456 iisdem
584 3413 725 3470 temporibus
733 3411 784 3472 qui-

155 3476 202 3521 bus
212 3474 320 3520 describit
330 3491 397 3521 arcus
408 3475 460 3520 ilios
479 3475 500 3521 P
513 3476 544 3530 Q,
565 3476 585 3521 Ρ
600 3477 636 3532 R;
655 3473 728 3538 quare
744 3475 784 3521 de·

155 3548 275 3584 crementa
286 3538 326 3584 illo
336 3549 390 3585 sunt
401 3549 428 3584 ut
438 3538 551 3600 quadrata
559 3549 690 3599 temporum
701 3540 786 3601 quibus

154 3612 299 3664 generentur
310 3605 362 3662 (per
375 3603 441 3648 Lern.
458 3603 491 3647 X.
508 3602 560 3649 Lib.
575 3603 617 3660 1.).

189 3663 225 3726 (⁶)
239 3669 252 3693 '
269 3666 336 3712 Uadi
346 3670 414 3712 etiam
426 3670 445 3712 si
455 3682 523 3712 areoe.
561 3667 651 3725 Corpus
661 3665 689 3713 cir
700 3665 785 3713 veloci·

157 3737 206 3774 tate
217 3743 288 3791 quem
301 3731 367 3776 babet
377 3731 399 3775 in
410 3730 460 3776 loco
472 3730 499 3781 Ρ,
511 3733 652 3790 temporibus
659 3730 787 3792 equalibus

155 3791 271 3838 describat
281 3794 424 3855 arcusquitm
433 3794 543 3840 minimos
557 3795 606 3855 Pq.
617 3810 632 3856 q
642 3811 662 3851 v,
674 3795 697 3841 in
708 3794 786 3841 medio

155 3869 204 3900 uon
216 3855 341 3908 resistente.
355 3869 378 3904 et
389 3874 456 3904 arcus
471 3858 491 3904 P
505 3860 536 3912 Q.
552 3859 577 3913 Q
592 3859 614 3903 R
627 3861 650 3903 in
662 3859 738 3904 medio
749 3874 784 3905 re-

155 3919 258 3975 sistente,
279 3931 302 3966 et
317 3922 360 3966 erit
378 3925 415 3984 (ox
433 3922 509 3982 dem.)
522 3929 536 3968 4
551 3923 645 3983 Qq=
659 3924 681 3968 R
692 3939 713 3976 v,
731 3931 786 3969 sunt

155 3993 238 4029 sutem
254 3999 313 4030 arere
332 3985 353 4032 P
366 3987 464 4050 Sqetq
478 3989 495 4033 S
507 4003 519 4030 o
532 3986 632 4050 aquales
649 3989 700 4049 (per
714 3987 782 4046 Prop

157 4046 180 4093 Ι.
196 4046 249 4093 Lib.
266 4047 301 4107 1.)
318 4048 416 4111 ideisque
432 4055 461 4098 ob
478 4068 542 4098 mens
556 4051 576 4098 P
589 4051 606 4097 S
620 4052 652 4107 Q,
664 4062 687 4096 et
700 4051 752 4106 QS
766 4066 784 4107 r,

155 4112 226 4157 etiam
239 4113 338 4173 equales
350 4117 402 4175 (per
416 4114 493 4176 Hyp.)
511 4116 555 4162 erit
566 4116 586 4162 P
599 4116 615 4161 S
626 4131 641 4176 q
652 4142 685 4152 -·
697 4116 717 4161 P
729 4116 746 4161 S
759 4115 784 4169 Q

143 4189 199 4221 ,seu
219 4190 272 4220 oren
291 4177 316 4231 Q
333 4177 349 4223 8
365 4192 380 4238 q
399 4179 662 4242 equatisqu-tt
679 4179 725 4235 Sr,
742 4194 784 4225 eeu

156 4239 367 4302 esi-QSq,
384 4243 472 4289 ctbinc
488 4245 623 4290 erearSv
639 4242 734 4303 aqualis
750 4252 784 4290 est

156 4306 172 4348 9
185 4302 211 4356 Q
224 4302 280 4364 Sq;
298 4303 337 4350 sed
349 4304 453 4352 demissis
464 4324 491 4353 er
504 4318 583 4353 centro
596 4305 654 4353 Sod
665 4314 785 4366 tangentes
816 4308 944 4367 centuipeta
959 4307 1006 4371 quir
1017 4323 1101 4370 corpus
1111 4323 1125 4355 ι
1136 4317 1246 4372 tangente
1259 4309 1280 4355 1³
1291 4307 1315 4355 Τ
1331 4306 1387 4371 (vid.
1401 4307 1441 4373 ug„

159 4367 184 4421 Q
197 4366 219 4412 Τ
229 4376 253 4412 et
264 4382 276 4412 r
286 4377 296 4413 t
305 4384 345 4426 per
355 4380 440 4428 puncto
453 4373 507 4426 Qet
518 4387 528 4415 r
539 4371 620 4417 ductos
631 4370 785 4430 perpendicu·
817 4371 888 4433 text.)
905 4372 935 4419 sd
946 4383 1061 4432 punctum
1074 4371 1174 4428 ercbs
1188 4373 1209 4419 P
1221 4373 1386 4430 Qretrnhitur‚
1403 4389 1444 4436 ge-

156 4429 184 4476 tis
198 4431 215 4477 8
228 4432 250 4477 Τ
260 4440 285 4478 et
295 4436 333 4484 St,
351 4448 404 4478 urea
420 4450 558 4481 evanescens
571 4436 595 4489 Q
607 4436 624 4482 8
634 4451 649 4497 q
661 4445 696 4480 est
707 4435 722 4497 ἦ
735 4436 752 4482 8
764 4435 786 4483 Τ
818 4446 885 4482 uerat
892 4435 1065 4484 decrementum
1077 4438 1100 4484 T
1113 4438 1145 4491 Q.
1163 4446 1187 4483 et
1197 4434 1249 4484 idei>
1261 4437 1296 4483 vis
1311 4437 1445 4485 resistentie

158 4500 183 4549 ><
201 4496 294 4557 Qqet
310 4498 445 4555 areurSv,
462 4498 610 4560 estffstx
626 4513 671 4544 rr.
709 4497 788 4553 Quare
818 4499 952 4546 mudum
969 4502 1118 4563 centripetorn
1137 4501 1374 4564 uetundTQ,
1392 4505 1445 4566 (per

156 4559 209 4606 ST
222 4566 247 4615 ><
264 4561 313 4622 Qq
325 4562 457 4623 aequaturi
472 4563 509 4608 St
522 4569 546 4617 χ
558 4579 570 4607 r
581 4578 601 4613 v,
615 4573 638 4608 et
650 4563 788 4610 cobuntibus
822 4563 876 4611 Cor.
890 4570 912 4611 4.
928 4566 992 4611 Lem.
1009 4565 1056 4625 X.)
1073 4576 1143 4627 atque
1159 4567 1208 4612 bec
1218 4566 1297 4613 omnis
1308 4567 1446 4630 geneniitsr

155 4625 251 4682 punctis
271 4624 292 4671 P
308 4637 332 4671 et
348 4640 369 4679 v,
391 4625 416 4670 tit
429 4627 445 4671 S
457 4637 465 4671 t
476 4645 510 4669 =
525 4628 541 4671 S
554 4625 656 4687 Totqui
666 4624 726 4674 oded
739 4628 787 4689 Qq
819 4627 931 4680 obtinent,
945 4644 1098 4692 quoscumque
1109 4629 1181 4676 fuerit
1191 4641 1241 4675 tum
1254 4646 1324 4677 curve
1342 4631 1363 4678 P
1375 4632 1401 4686 Q
1414 4631 1444 4687 R,

152 4705 189 4732 =
201 4687 217 4750 ᾗ
229 4704 240 4733 r
251 4704 271 4743 o,
292 4698 316 4736 et
332 4695 347 4735 2
366 4690 461 4750 Qq:
473 4705 484 4735 r
496 4706 515 4735 v.
550 4688 612 4737 cum
629 4690 701 4752 igitur
717 4689 788 4751 supet
818 4693 886 4754 cujus
897 4693 1046 4754 proprietates
1057 4693 1162 4741 nondum
1173 4694 1329 4753 adhibuimus,
1348 4706 1399 4742 tum
1412 4694 1446 4740 vis

152 4750 313 4802 isemerinus
324 4754 399 4818 th
409 4775 443 4802 =
456 4755 480 4802 R
488 4769 509 4813 r,
521 4753 590 4802 erist
601 4754 695 4818 Qq-
706 4761 721 4804 2
732 4756 787 4818 Qq,
818 4756 951 4818 centripeta,
958 4765 1009 4806 tum
1015 4758 1151 4816 resistentis,
1160 4767 1212 4806 turn
1221 4758 1329 4808 velociter
1335 4759 1443 4821 corporis.
