3202 5446
87 423 385 505 trun-ennon]
428 425 666 492 PRINCIPIA
689 427 1057 496 MATHEMATICA.
1295 443 1356 502 259

86 623 175 687 quem
191 600 277 665 lines
292 601 356 686 Cp
371 601 524 678 describit,
541 603 599 665 erit
621 602 661 665 sd
682 625 784 666 aream
799 604 830 666 V
845 604 873 667 C
889 604 925 682 P,
949 628 1041 690 quam
1067 606 1148 669 lines
1171 608 1198 671 C
1214 608 1241 672 P
1266 610 1356 673 simul

86 709 242 786 describit,
275 723 310 774 ut
324 711 468 775 velocitas
484 710 573 774 lineae
589 711 787 774 describentis
804 711 830 775 C
851 733 872 794 p
888 712 927 774 ad
953 713 1144 776 velocitatem
1170 715 1260 779 lineae
1285 717 1355 781 dcs-

84 816 228 880 cribentis
248 817 275 881 C
291 818 337 894 P,
359 816 418 880 hoc
433 829 488 892 est,
513 830 547 881 ut
568 815 698 899 angulus
714 816 744 879 V
760 816 823 901 Cp
848 816 888 879 sd
912 818 1057 905 angulum
1074 819 1104 882 V
1121 822 1148 883 C
1164 819 1199 898 P,
1224 821 1355 907 ideoque

81 923 112 985 in
128 924 201 987 dotis
217 927 348 1003 ratione,
364 937 395 989 et
408 937 573 1009 propterea
586 923 717 1007 tempori
730 924 979 1007 proportionalis.
1024 924 1106 988 Cum
1126 947 1198 989 ares
1221 930 1354 1012 tempori

80 1033 322 1117 proportionalis
337 1033 376 1095 sit
388 1054 481 1116 quam
496 1033 577 1097 lines
592 1033 619 1095 C
634 1054 655 1115 p
677 1032 709 1093 in

79 1139 176 1222 plano
185 1138 337 1202 immobili
348 1139 503 1215 describit,
515 1139 709 1202 manifestum
1100 1146 1138 1219 V

78 1256 125 1308 est
139 1243 226 1330 quod
236 1265 358 1329 corpus,
371 1258 499 1332 cogente
508 1248 602 1331 justae
613 1268 708 1333 qusn-

77 1350 176 1413 titntis
192 1349 226 1412 vi
240 1351 408 1436 centripeti
418 1352 533 1415 revolvi
542 1355 638 1437 possit
646 1350 709 1416 und
806 1369 829 1447 ιι
828 1341 1064 1424 ··················

73 1477 151 1518 cum
182 1436 300 1540 puncto
324 1479 346 1542 p
374 1457 407 1520 in
432 1458 524 1521 curvi
549 1459 601 1522 int
627 1459 707 1523 lineis
768 1444 811 1547 ,ti
1093 1440 1108 1462 .‚

74 1584 177 1650 quam
200 1576 351 1648 punctum
372 1563 454 1629 idem
468 1587 490 1650 p
506 1566 626 1629 ratione
642 1569 708 1652 jam

70 1671 223 1756 expositi
238 1672 384 1737 describit
398 1674 430 1737 in
444 1675 537 1759 plano
548 1675 707 1739 immobili.
742 1664 751 1756 Ξ

71 1759 755 1892 FistsngulusvcuanguloPcp,{

65 1900 111 1950 et
124 1885 211 1950 linea
226 1885 254 1951 C
269 1909 290 1949 ιι
304 1886 394 1951 lineae
411 1888 438 1951 C
453 1888 494 1966 V,
506 1901 597 1973 atque
608 1891 709 1979 figura

64 2013 100 2056 u
125 1992 157 2056 C
181 2014 204 2076 p
229 1992 384 2079 figuraeV
410 1994 439 2058 C
465 1995 493 2059 P
517 1998 651 2082 aequslis,
677 2012 708 2064 et
766 1977 794 2081 ἰ,

60 2120 195 2182 eorpus
211 2099 283 2185 inp
305 2122 425 2184 semper
447 2103 581 2167 existens
602 2127 707 2169 move·

59 2206 167 2276 bitur
180 2207 214 2270 in
228 2208 395 2290 perimetro
417 2210 527 2296 flguroe
549 2213 708 2277 revolven·
820 2193 933 2294 Piis*

58 2317 123 2388 tis
144 2339 165 2379 ιι
181 2316 209 2381 C
222 2339 255 2402 p,
279 2317 449 2405 eodemque
475 2335 614 2406 ternpore
639 2323 708 2386 des·

60 2418 180 2490 cribet
200 2443 306 2485 srcum
330 2425 394 2509 ejus
420 2448 483 2509 up
508 2450 569 2512 quo
595 2450 706 2513 corpus

61 2525 169 2599 aliud
183 2528 210 2592 P
225 2551 330 2593 arcum
345 2531 404 2614 ipsi
419 2532 549 2597 similem
564 2547 595 2599 et
609 2536 759 2620 aequslem
774 2537 805 2600 V
821 2536 848 2601 P
864 2536 896 2600 in
918 2535 1017 2623 figuris
1039 2535 1214 2622 quiescente
1229 2535 1259 2598 V
1275 2534 1302 2599 P
1318 2534 1349 2597 K

63 2637 256 2708 describere
270 2651 380 2722 potest.
425 2641 593 2715 Quaerntur
613 2643 717 2730 igitur,
740 2667 797 2729 per
813 2643 1019 2726 Corollarium
1041 2643 1181 2727 quintum
1204 2642 1350 2726 Proposi-

68 2746 176 2811 tionis
190 2748 256 2826 vl,
280 2749 326 2811 vis
348 2752 518 2835 centripets
540 2752 600 2836 qui
626 2776 737 2837 corpus
763 2753 878 2817 revolvi
902 2753 1000 2836 possit
1025 2752 1056 2814 in
1080 2751 1172 2815 curvi
1192 2751 1244 2815 illt
1270 2751 1349 2816 lineri

75 2872 177 2933 quem
199 2869 348 2938 punctum
370 2877 399 2940 p·
418 2856 563 2922 describit
591 2859 623 2923 in
651 2859 745 2942 plano
772 2858 933 2934 immobili,
964 2869 994 2923 et
1023 2856 1156 2922 solvetur
1180 2856 1348 2942 problema.

84 2955 203 3028 (Μ

271 3228 554 3297 PROPOSlTlO
576 3232 699 3297 XLIV.
742 3232 1010 3299 THEOREMA
1033 3232 1126 3297 XIV.

108 3405 261 3500 lifferenia
277 3425 394 3502 virium,
410 3425 511 3508 quibus
524 3446 626 3508 conius
642 3429 674 3488 in
689 3426 756 3489 orbe
770 3427 935 3509 quiescente,
951 3435 979 3488 et
992 3446 1094 3506 corpus
1107 3425 1192 3487 alind
1205 3425 1237 3485 in
1251 3424 1346 3485 eodem

141 3526 191 3591 trie
202 3533 363 3595 revolvente
377 3533 530 3614 equaliter
544 3534 651 3596 moneri
658 3542 791 3615 possunt,
806 3542 847 3595 est
862 3534 893 3594 in
914 3531 1067 3614 tn'plicatd
1088 3533 1204 3594 ratione
1227 3549 1347 3592 commu·

141 3633 176 3695 nir
186 3638 350 3700 altitudinis
365 3638 485 3700 inverse.

141 3812 267 3886 Pam‘bus
282 3822 366 3886 orbis
380 3823 562 3907 quiescentis
578 3824 609 3888 V
624 3824 660 3902 P,
679 3825 704 3889 P
721 3825 752 3888 K
767 3837 858 3887 sunto
872 3822 985 3887 similes
1000 3836 1031 3887 et
1044 3822 1177 3908 oequsles
1191 3821 1274 3921 orbis
1293 3842 1344 3883 re·

107 4000 276 4075 inmutetque
287 4021 311 4060 et
321 4011 370 4074 ipss
380 4013 507 4077 trejectorie
516 4013 605 4077 dant..
626 4013 694 4060 Inve-
725 4028 769 4060 nes
782 4013 828 4060 Cr
844 4011 912 4058 linere
924 4012 944 4060 C
957 4011 988 4068 V,
1002 4021 1071 4074 etque
1082 4010 1156 4073 figura
1166 4026 1182 4056 u
1197 4009 1250 4069 Cp,
1262 4008 1344 4070 figure

104 4067 135 4115 ’ᾗ
144 4072 204 4147 ipss
214 4087 287 4137 potest
303 4082 356 4141 (per
367 4078 420 4125 Cor.
434 4083 456 4126 5.
470 4078 538 4138 Prop.
552 4078 589 4136 6.)
603 4074 695 4126 ¹leuis
727 4077 749 4122 V
763 4077 782 4125 C
795 4076 906 4123 Psimilis
925 4085 948 4122 et
965 4076 1065 4137 aequslis,
1084 4085 1108 4122 et
1124 4089 1206 4134 corpus
1224 4073 1272 4146 ιιηιὶ
1288 4088 1343 4119 cum

101 4145 207 4198 mm
216 4144 262 4203 qui
272 4156 357 4202 corpus
366 4157 389 4202 p,
401 4143 425 4188 in
436 4142 561 4205 trajectorii
574 4142 614 4189 ille
625 4141 696 4202 Vpn
726 4150 813 4202 puncto
828 4157 849 4201 p.
869 4155 958 4200 semper
974 4139 1047 4185 latum
1066 4149 1089 4185 et
1107 4139 1205 4201 figuram
1224 4145 1343 4182 immotam

100 4201 164 4248 Mlti
178 4215 256 4265 pitens.
730 4206 779 4265 Vp
797 4220 813 4250 n
830 4205 965 4259 describens,
985 4202 1091 4249 describit
1107 4208 1176 4249 etism
1194 4200 1343 4259 perimetrurn

122 4264 227 4320 Οιιοιιὶιιιι
238 4278 317 4315 sutem
332 4270 433 4331 snguine
445 4270 469 4316 V
481 4270 501 4317 C
514 4270 536 4316 P
552 4268 645 4332 equalis
661 4278 695 4331 est
725 4285 742 4315 ιι
752 4278 775 4328 p,
787 4269 869 4331 tigurae
884 4267 1020 4314 revolventis
1036 4282 1052 4313 u
1065 4268 1085 4314 C
1096 4282 1118 4327 p,
1139 4264 1266 4325 eodemque
1284 4274 1343 4310 tem-

95 4330 188 4390 ΨΜ
205 4332 225 4380 C
242 4349 259 4394 p
276 4337 328 4395 (per
338 4336 435 4393 constr.)
452 4334 495 4380 erit
512 4349 603 4395 quoque
621 4349 694 4396 engu-
725 4348 779 4393 pore
790 4333 895 4380 describit
904 4346 985 4379 eroum
996 4333 1045 4393 ejus
1056 4346 1069 4375 v
1081 4347 1103 4390 p,
1120 4344 1166 4391 quo
1182 4343 1264 4388 corpus
1279 4328 1344 4375 eliud

94 4388 122 4439 ll
132 4393 151 4439 V
163 4395 181 4444 C
193 4411 205 4439 v
216 4397 311 4458 nqutlis
322 4396 409 4459 trigulo
422 4397 443 4444 P
457 4398 476 4444 C
487 4413 510 4458 p,
522 4397 625 4460 adsitque
641 4397 695 4443 dati
727 4395 838 4444 P'arcum
849 4397 890 4456 ipsi
902 4394 1001 4441 similem
1012 4407 1035 4441 et
1045 4394 1157 4456 aequslcm
1171 4393 1192 4437 V
1207 4393 1235 4448 P,
1247 4394 1270 4438 itt
1282 4393 1344 4454 ligu-

95 4456 137 4518 Cp
146 4459 304 4521 mugnimdine
315 4470 338 4507 et
355 4461 472 4520 positione.
494 4461 560 4508 tacite
578 4461 693 4508 invenitur
723 4461 749 4506 ri
765 4461 894 4522 quiescente
907 4459 929 4504 V
942 4459 963 4505 P
976 4460 1008 4512 Κ,
1025 4459 1150 4504 describere
1168 4467 1247 4517 potest.
1284 4457 1343 4503 Vide

125 4523 144 4533 ''
168 4523 235 4571 lineo
250 4523 357 4584 quidum
370 4525 450 4572 Cvin
466 4528 520 4572 orbe
535 4525 615 4575 mobili
628 4525 690 4585 Vp:
726 4524 749 4570 V
776 4524 781 4534 ⁴
831 4525 895 4570 nium
907 4523 998 4585 Legem
1008 4523 1041 4568 vis
1051 4522 1182 4580 centripetae
1197 4520 1222 4565 in
1238 4522 1342 4582 trajecto·

89 4532 315 4652 Ειυαίιιιωςιιῑιιι
327 4588 349 4633 V
361 4589 407 4637 cv
422 4589 510 4654 angulo
522 4589 543 4638 P
556 4590 610 4650 cp,
627 4600 650 4637 et
665 4587 701 4700 fill
725 4587 760 4636 rn
800 4586 1181 4652 pudetemmmteminComm.
1194 4584 1335 4633 rennos
