3202 5446
565 477 688 529 INDEX
706 474 1019 525 rnot‘ostrrorturt.

183 679 288 729 enon.
302 676 440 746 xxvrrr.
474 671 611 722 annon
627 631 761 717 inrui*

153 789 179 840 Si
186 787 274 850 corpori
281 785 442 847 funependulo
450 784 475 830 in
482 780 585 844 cycloide
595 779 710 828 oscillanti

182 855 293 900 resistitur
303 853 328 898 in
338 851 428 897 ratione
438 856 609 894 momentorum
620 854 711 903 tempe-

183 919 222 974 ris,
238 916 281 964 erit
291 917 343 980 ejus
358 912 486 960 resistentia
496 909 526 957 ad
537 910 583 956 vim
593 907 711 981 gravitatis

183 992 211 1030 ut
220 995 328 1028 excessus
337 976 405 1026 arcds
419 976 532 1022 descensu
542 983 592 1021 toto
602 972 711 1045 descriptt

181 1060 253 1106 supra
258 1059 339 1092 arcum
349 1055 445 1089 ascensu
453 1041 606 1100 mbsequente
612 1036 712 1095 desurp-

180 1105 379 1168 tumsdpenduli
386 1100 711 1167 longitudinemdupliostsrn.
725 1096 771 1144 5⁸⁰

236 1232 342 1283 PROP.
358 1229 464 1278 XXIX.
500 1226 631 1276 Pnonr.
645 1225 693 1273 VI.

151 1322 235 1370 Posito
250 1317 314 1382 quod
332 1316 422 1378 corpori
439 1315 464 1361 in
480 1312 584 1376 cycloide
598 1310 714 1359 oscillanti.

182 1385 297 1432 resistitur
307 1383 332 1428 in
343 1377 461 1440 duplicati
477 1378 565 1426 rstione
579 1375 725 1433 velocium,

183 1448 288 1497 invenire
298 1445 451 1493 resistentiam
460 1444 486 1490 in
496 1442 554 1489 locis
562 1440 711 1503 singulis...
728 1437 773 1485 ⁶81

216 1570 321 1620 enon.
336 1569 423 1617 xxx.
453 1565 597 1616 nsanos.
612 1531 712 1612 κίειν.

154 1659 180 1707 81
199 1668 261 1704 recta
279 1660 302 1703 Α
317 1655 339 1703 Β
356 1653 452 1717 equalis
467 1652 496 1700 sit
517 1650 628 1714 cycloidis
647 1648 712 1698 arcui

182 1736 252 1784 quern
267 1735 352 1779 corpus
367 1715 495 1766 oscillsndo
511 1716 624 1790 describit,
644 1726 668 1761 ct
681 1714 713 1761 ad

183 1782 713 1911 {tillitttffilrfrtliulti

185 1912 281 1975 penduli
297 1923 325 1959 ut
342 1911 470 1958 resistentia
486 1909 587 1970 eorporis
606 1908 631 1954 in
646 1906 713 1954 erclis

184 1978 277 2038 punctis
292 1973 522 2036 correspondentibus
532 1972 621 2020 adsim
636 1972 713 2034 gravi·

184 2044 250 2089 tatis:
272 2040 325 2088 dico
340 2038 403 2103 quod
418 2037 549 2086 differentia
564 2036 624 2083 inter
633 2050 714 2083 arcum

184 2105 297 2153 descensu
308 2114 357 2151 toto
363 2102 505 2163 descriptum
515 2111 538 2148 et
548 2115 628 2147 arcum
635 2115 713 2146 ascen·

184 2185 213 2216 su
223 2178 272 2216 toto
283 2171 438 2229 subsequente
453 2165 595 2225 descriptum
606 2164 677 2211 ducts
687 2164 713 2210 in

185 2248 282 2281 arcuum
293 2230 421 2279 eorundem
432 2231 624 2283 aemi-summam,
636 2243 714 2290 equa-

185 2297 215 2344 lis
225 2297 268 2344 erit
279 2311 339 2342 arcte
352 2296 373 2343 B
387 2293 413 2341 K
423 2310 439 2341 s
453 2295 468 2343 si
479 2291 648 2354 perpendiculis
664 2307 715 2339 om·

187 2361 257 2409 nibus
266 2360 292 2407 D
305 2358 331 2406 K
342 2362 554 2419 “cupam-muns
556 2388 713 2404 sssssssssssssss
725 2359 772 2410 587

218 2486 325 2535 PROP.
338 2483 443 2533 XXXI.
480 2481 617 2532 THEOR.
632 2482 718 2531 XXV.

158 2576 182 2624 di
193 2575 294 2636 corporis
304 2572 431 2621 oscillantis
441 2572 569 2620 resistentis
579 2571 604 2617 in
615 2569 714 2633 singulis

185 2654 283 2687 arcuum
294 2638 461 2698 descriptorum
472 2637 575 2697 partibus
585 2635 714 2696 pmportio·

186 2703 279 2750 nulibus
296 2712 410 2764 augeatur
427 2701 465 2748 vel
482 2701 602 2747 minuatur
617 2700 643 2746 in
660 2695 714 2744 dati

185 2767 274 2814 ratione
280 2785 288 2825 ;
301 2765 432 2814 differentia
443 2765 504 2811 inter
511 2779 592 2811 arcum
602 2765 714 2808 descensu

185 2832 328 2890 descriptum
336 2839 446 2875 etarcum
454 2830 610 2887 subsequente
619 2840 715 2872 ascensu

187 2894 335 2952 descriptum,
347 2891 473 2954 augebitur
483 2889 521 2936 vel
530 2889 675 2936 diminuetur
689 2889 715 2935 'n

187 2954 269 3004 eidem
277 2956 366 3003 ratione
369 2985 713 3003 .................................
735 2955 781 3008 502

199 3085 305 3134 PROP.
320 3083 444 3131 XXXII.
480 3081 617 3130 Trrnott
633 3079 736 3128 XXVI.

157 3181 183 3230 si
191 3195 315 3241 oorponsm
323 3188 447 3241 systemata
454 3176 502 3225 duo
510 3177 595 3225 similia
602 3191 630 3225 er
639 3192 715 3240 equa·

187 3245 204 3292 li
215 3243 380 3305 panicularum
392 3257 491 3289 numero
501 3251 613 3299 constent,
630 3252 655 3288 et
664 3256 716 3301 par-

187 3308 266 3356 ticular
287 3307 491 3367 correspondentes
512 3306 598 3353 similes
622 3305 670 3353 sint
693 3315 717 3351 et

187 3372 377 3435 proportionales,
390 3370 489 3434 singule
499 3370 524 3417 in
535 3385 584 3418 uno
594 3379 716 3432 systemate

188 3436 287 3499 singulis
303 3435 327 3482 in
343 3436 423 3490 altero,
443 3444 466 3482 et
482 3434 587 3482 similiter
597 3435 647 3481 sitta
656 3434 717 3480 inter

188 3518 220 3557 se,
232 3516 260 3548 ac
270 3500 349 3547 dstam
365 3501 465 3546 habeant
476 3499 587 3546 rationem
598 3498 717 3546 densitatIs

189 3564 333 3619 adinvicem,
343 3574 368 3612 et
375 3565 436 3610 inter
443 3579 467 3609 se
473 3563 616 3623 temporibus
622 3577 715 3625 propor-

189 3629 315 3676 tionalibus
330 3628 436 3675 similiter
446 3627 534 3674 mereri
544 3626 655 3688 incipiant
671 3629 717 3690 (ear

188 3694 250 3740 inter
260 3709 284 3739 se
295 3709 347 3755 qua
358 3702 414 3739 sunt
428 3692 453 3737 in
467 3707 516 3738 uno
530 3701 585 3738 sunt
595 3700 718 3752 systemate
759 3732 764 3741 ,

188 3769 213 3805 ct
223 3773 257 3804 eas
268 3759 358 3804 interse
366 3772 418 3818 quae
426 3756 450 3802 in
459 3756 542 3816 altero)
553 3765 577 3802 et
584 3755 603 3802 si
612 3770 659 3800 non
666 3765 716 3801 tan-

190 3832 248 3884 gant
258 3838 283 3868 sc
293 3818 377 3868 mutui>
387 3836 440 3882 quar
451 3820 476 3866 itt
487 3820 569 3867 eodem
580 3829 635 3867 sunt
645 3828 717 3880 syste-

192 3896 261 3942 mate,
274 3886 318 3931 nisi
330 3886 354 3931 in
366 3885 490 3933 momentis
500 3883 659 3938 reflexionum,
677 3898 716 3930 ne-

190 3966 237 4012 que
253 3942 368 3997 attraliant
384 3948 420 3995 vel
436 3951 554 4011 fugantes
565 3945 655 4001 mutuo,
672 3946 717 3994 nisi

190 4014 277 4061 siribus
287 4013 482 4061 acceleratricibus
490 4028 543 4075 qute
554 4014 600 4059 sint
610 4022 638 4058 ut
647 4011 718 4073 parti·

191 4079 297 4126 cularum
316 4077 544 4139 correspondentium
561 4075 665 4124 diametri
681 4075 717 4122 in-

191 4141 256 4190 versi
274 4152 297 4190 et
314 4142 426 4204 quadrats
447 4142 595 4189 velocitstum
616 4140 715 4188 directi:

191 4206 244 4253 dico
254 4206 317 4269 quod
329 4216 477 4266 systematum
486 4205 604 4266 particular
611 4205 659 4252 illar
668 4220 718 4265 per·

191 4280 248 4332 gent
257 4271 316 4317 inter
328 4287 353 4318 sa
361 4272 505 4332 temporibus
512 4269 720 4330 proportionalibus

192 4335 298 4382 similiter
314 4335 401 4382 moveri
402 4367 718 4383 ..............................
735 4341 785 4388 615

192 4463 298 4511 PROP.
311 4464 451 4512 XXXIII.
478 4464 615 4513 THEOR.
631 4465 748 4513 XXVII.

163 4546 251 4596 Iisdem
262 4547 347 4606 positis,
357 4548 478 4610 dicoquod
486 4559 635 4610 systematum
645 4561 720 4612 partes

193 4611 292 4674 majores
308 4611 445 4659 resistuntur
453 4614 477 4659 in
489 4614 577 4661 ratione
593 4615 721 4675 compositi

194 4691 222 4723 or
235 4675 352 4735 duplicati
362 4677 452 4724 ratione
468 4678 614 4725 velocitatum
626 4695 721 4728 suarum

193 4752 217 4788 ct
228 4739 346 4801 duplicati
358 4742 446 4788 ratione
462 4742 627 4789 diametrorum
645 4756 669 4790 et
684 4759 720 4792 ra-

192 4807 257 4853 tione
267 4804 386 4854 densitatis
396 4807 498 4868 partium
508 4816 720 4871 systematum......
742 4817 786 4863 uis

1366 482 1424 543 751

833 668 1078 719 enorerxxrv.
1099 667 1235 717 ennon.
1248 631 1427 717 xxv111.¹'‘

817 776 841 823 si
847 775 936 886 globus
946 784 969 822 ct
979 774 1098 836 cylindrus
1113 773 1240 836 equalibus
1255 773 1373 821 diametris

863 838 961 898 escrrpti,
984 840 1008 885 in
1030 838 1108 886 medio
1129 853 1181 885 rsro
1201 854 1231 885 es
1253 839 1371 897 particulis

846 901 974 966 equalibus
984 913 1008 950 et
1017 902 1046 950 ad
1057 902 1157 965 aquales
1172 905 1201 950 ab
1217 902 1316 950 invicem
1327 901 1372 949 dis·

846 968 931 1014 tantias
941 966 1012 1016 libere
1022 967 1136 1026 dispositis
1146 977 1273 1018 constante,
1289 982 1373 1013 secun·

845 1028 905 1078 ditm
921 1030 1013 1093 plagam
1029 1031 1079 1078 axis
1095 1030 1200 1092 cylindri,
1218 1030 1302 1092 equali
1317 1045 1373 1077 cunr

846 1094 966 1142 velocitate
972 1106 1121 1143 moveantur:
1135 1094 1178 1142 erit
1186 1095 1313 1141 resistentis
1320 1093 1371 1156 glo·

846 1159 871 1206 bi
881 1157 955 1219 duplo
966 1159 1042 1205 mittor
1051 1157 1122 1221 qudrn
1130 1159 1258 1206 resistentia
1266 1157 1369 1221 cylindri.
1387 1167 1431 1215 621

889 1288 994 1337 PROP.
1010 1288 1122 1336 XXXV.
1157 1288 1287 1336 PROBI..
1302 1288 1367 1336 VII.

818 1373 843 1421 Si
854 1374 958 1420 medium
969 1389 1047 1420 rerum
1058 1389 1086 1421 ex
1098 1375 1215 1434 particulis
1230 1375 1372 1438 quimmini·

848 1437 892 1484 mis
899 1438 1070 1500 quiescentibus
1084 1441 1211 1500 equalibus
1221 1450 1245 1487 et
1255 1439 1285 1486 sd
1295 1454 1374 1502 equs·

848 1501 881 1549 les
891 1506 921 1549 sb
931 1502 1029 1549 invicem
1040 1502 1159 1551 distamim
1175 1503 1245 1551 liberi
1259 1503 1374 1564 dispositis

848 1575 952 1614 constet:
977 1567 1080 1613 invenire
1098 1568 1250 1615 resistentiam
1267 1568 1331 1630 globi
1349 1570 1373 1614 in

848 1630 892 1678 boc
902 1630 981 1678 medio
991 1630 1138 1678 uniformiter
1148 1632 1372 1695 progredientia...
1388 1635 1435 1685 632

871 1734 976 1784 PROP.
992 1735 1121 1783 XXXVI.
1148 1735 1279 1784 PROBL·
1294 1736 1371 1784 VIII.

820 1825 897 1884 Aquas
915 1818 945 1865 de
964 1835 1016 1866 rasa
1034 1819 1161 1880 cylindrico
1176 1820 1330 1880 perforamen
1348 1822 1374 1868 in

849 1883 926 1931 fundo
935 1883 1023 1931 factum
1034 1883 1157 1941 effluentis,
1168 1884 1265 1932 delinire
1274 1895 1372 1933 motum.
1393 1878 1439 1927 635

844 1989 1105 2038 PROP.XXXV11.
1124 1990 1261 2040 Tur-:ort
1275 1991 1380 2039 XXIX.

822 2076 934 2139 Cylindri,
946 2076 986 2138 qui
997 2076 1021 2121 in
1028 2075 1101 2124 fluido
1111 2091 1241 2136 compresso
1252 2077 1343 2125 infinito
1352 2091 1377 2126 et

850 2156 898 2188 non
903 2141 996 2188 elastioo
1000 2139 1130 2187 secunddm
1137 2140 1305 2203 longitudinem
1310 2157 1377 2189 suam

850 2205 996 2252 uniformiter
1007 2205 1160 2266 progreditur,
1177 2205 1312 2261 resistentia,
1324 2222 1377 2268 ques

850 2269 944 2317 oritura
952 2268 1114 2331 magnitudine
1122 2269 1229 2316 sectionis
1236 2278 1375 2323 transverse,

851 2344 886 2381 est
896 2333 925 2380 sd
937 2333 982 2378 vim
994 2330 1041 2394 qui
1056 2342 1119 2380 totus
1129 2332 1180 2392 ejus
1190 2343 1275 2390 motus,
1289 2333 1378 2381 interca

852 2396 910 2445 ddm
917 2396 1072 2458 quadruplum
1079 2396 1233 2458 longitudinis
1240 2413 1288 2444 suoe
1295 2397 1376 2445 doecri.

851 2463 892 2519 bit,
904 2461 939 2508 vel
951 2461 1001 2508 tolli
1012 2461 1083 2520 possit
1093 2459 1128 2507 vel
1139 2461 1252 2524 generari,
1263 2471 1291 2509 ut
1301 2461 1377 2509 densi·

851 2535 887 2573 tas
905 2525 975 2572 medii
991 2524 1021 2571 sd
1036 2524 1175 2572 densitatem
1185 2525 1283 2587 cylindri
1294 2540 1374 2588 quarn·

851 2588 953 2649 proximi
954 2620 1377 2640 .......................................
1400 2595 1445 2646 cst

852 2715 957 2764 PROP.
969 2715 1130 2763 XXXVIII.
1147 2717 1286 2766 THEOB.
1298 2717 1389 2767 XXX.

825 2801 895 2850 Globi
911 2803 936 2847 in
955 2800 1028 2848 fluido
1046 2817 1177 2862 compresso
1194 2803 1286 2850 infinito
1296 2814 1320 2851 et
1330 2819 1379 2850 non

852 2865 946 2912 classico
958 2865 1103 2912 uniformiter
1118 2867 1292 2929 progredientis,
1312 2867 1379 2913 resis-

852 2930 924 2977 tentia
934 2939 969 2976 est
979 2929 1008 2976 ad
1024 2929 1071 2975 vim
1087 2930 1134 2993 qui
1148 2939 1211 2978 totus
1226 2931 1277 2992 ejus
1292 2941 1379 2987 meurs,

852 3009 900 3056 quo
910 3003 1013 3054 tempore
1023 3004 1075 3040 octo
1084 2995 1166 3050 ,tertias
1181 3003 1257 3054 partes
1272 2993 1379 3042 ditmetri

853 3074 902 3105 suts
912 3057 1027 3114 describit,
1038 3058 1074 3104 rel
1084 3057 1135 3105 tolli
1142 3059 1212 3119 possit
1220 3058 1256 3104 rel
1264 3059 1377 3121 generari,

853 3133 880 3168 ut
896 3121 997 3169 densitas
1018 3121 1085 3169 fluidi
1105 3123 1135 3170 sd
1157 3123 1294 3170 densitatem
1315 3122 1378 3186 globi

853 3185 1029 3248 quamproxime
1031 3218 1377 3237 ................................
1396 3194 1441 3244 659

861 3304 964 3354 PROP.
977 3306 1110 3354 XXXIX.
1131 3306 1268 3355 Timon
1283 3306 1389 3354 XXXI.

825 3390 905 3448 Globi,
927 3406 968 3451 per
985 3389 1086 3438 fluidum
1107 3391 1133 3439 in
1157 3392 1231 3440 canali
1252 3391 1379 3453 clendrico

853 3455 959 3502 clausum
971 3465 995 3502 et
1004 3470 1160 3517 compressum
1171 3457 1317 3504 uniformiter
1327 3470 1379 3516 pro·

853 3519 986 3582 gredIentis,
1003 3520 1131 3569 resistentia
1142 3531 1176 3569 est
1187 3520 1216 3568 ad
1227 3522 1274 3566 vim
1285 3517 1333 3582 qud
1342 3529 1378 3567 to-

854 3595 893 3631 tus
903 3584 952 3646 ejus
962 3595 1047 3640 motus,
1064 3584 1217 3634 intereaddnr
1233 3595 1285 3631 octo
1301 3584 1379 3631 tertias

853 3658 929 3708 partes
944 3648 1048 3696 diametri
1065 3666 1114 3697 suae
1124 3649 1239 3704 describit,
1256 3649 1292 3695 vel
1307 3664 1379 3711 gene·

853 3712 899 3759 rari
909 3713 980 3772 possit
990 3713 1027 3759 vel
1038 3716 1095 3771 tolli,
1113 3716 1136 3761 in
1148 3714 1236 3760 radone
1251 3729 1304 3774 quse
1315 3728 1379 3760 com·

854 3776 948 3836 ponitur
958 3792 985 3822 er
998 3777 1086 3825 ratione
1097 3778 1177 3825 orificii
1193 3776 1279 3824 canalis
1294 3777 1324 3824 ad
1340 3791 1380 3824 ex·

854 3856 944 3887 cessum
955 3842 1025 3903 hujus
1035 3842 1117 3889 orificii
1127 3857 1196 3902 supra
1204 3841 1327 3888 dimidium
1336 3842 1380 3888 cir-

854 3905 902 3951 culi
921 3905 1016 3951 maximi
1034 3906 1097 3968 globi
1114 3916 1137 3953 et
1156 3905 1244 3953 ratione
1262 3904 1380 3966 duplicati

855 3968 936 4048 anicii
946 3970 1032 4017 canalis
1042 3970 1072 4017 ad
1082 3984 1201 4017 excessum
1213 3970 1283 4032 hujus
1298 3969 1380 4017 orificii

855 4034 1381 4160 iiiitffliisiriiidimeniiibeinidii

854 4161 1030 4224 quamproxime
1035 4194 1381 4212 .................................
1400 4161 1444 4212 ddi

931 4270 1036 4320 PROP.
1050 4269 1108 4317 XL.
1143 4269 1273 4318 Prtonr.
1285 4270 1335 4318 IX.

827 4358 905 4416 Globi,
917 4358 941 4404 in
953 4354 1030 4407 medio
1041 4356 1178 4406 fluidissimo
1188 4372 1319 4420 compreoeo
1328 4373 1382 4419 pro·

856 4423 989 4486 gredientis,
1001 4421 1104 4470 invenire
1112 4423 1261 4471 :uisendam
1270 4438 1312 4484 per
1318 4423 1381 4484 plus·

857 4503 957 4535 nomena
960 4520 1381 4538 ........................................
1388 4485 1445 4537 ibid·

886 4591 989 4640 PROP.
1005 4591 1079 4665 XLI.
1113 4591 1251 4640 THEOR.
1267 4592 1387 4641 XXXII.

829 4678 920 4726 Pressio
930 4693 977 4725 non
988 4689 1129 4741 propagatur
1140 4695 1180 4739 per
1190 4675 1289 4727 fluidum
1300 4693 1380 4726 secun·

858 4742 914 4790 ddm
928 4743 999 4789 lineas
1009 4752 1088 4794 rectas,
1101 4743 1145 4790 nisi
1154 4742 1194 4790 ubi
1205 4743 1324 4804 particula
1331 4741 1382 4791 flui·

861 4806 884 4853 di
896 4806 920 4852 in
932 4807 1045 4855 directum
1052 4806 1139 4870 jacent.
1143 4839 1383 4858 .......................
1404 4811 1450 4861 oet
