3202 5446
65 483 365 562 nanneticam]
414 482 660 552 PRINCIPIA
690 484 1065 560 MATHEMATICA.
1148 483 1151 502 '
1293 488 1351 564 651

228 741 514 811 PROPOSITIO
537 743 727 810 XXXVII.
772 744 1046 811 THEOREMA
1069 745 1206 812 XXIX.

64 919 217 1005 cylindri,
234 919 289 1001 qui
303 919 336 981 in
345 918 453 1005 fluido
468 939 631 1000 conpresso
654 928 775 1000 erfflnrto
790 927 820 981 et
834 940 895 982 non
916 921 1039 1004 elostico
1057 923 1213 986 secondom
1234 923 1367 1006 longine·

50 1056 55 1067 ·
107 1029 207 1092 dinen
222 1049 307 1090 neom
317 1026 511 1112 nnffoonniter
514 1030 725 1111 progreditur,
739 1029 923 1106 resistentia,
940 1050 1008 1114 quae
1017 1033 1145 1094 orituro
1156 1033 1369 1117 magnitudine

105 1135 246 1198 sectionis
267 1143 456 1212 transversae,
479 1143 523 1197 est
536 1128 580 1196 ad
593 1135 652 1197 oin
670 1132 730 1218 qud
748 1144 828 1199 totus
845 1132 907 1218 ejus
927 1145 1030 1214 notros,
1062 1139 1179 1202 intereo
1199 1141 1268 1202 dnn
1289 1161 1365 1223 quo-

105 1242 247 1324 druplum
261 1242 463 1325 longitudinis
476 1261 540 1304 sure
549 1240 699 1317 describit,
716 1242 764 1306 oet
772 1242 842 1304 tolli
849 1242 949 1324 possit
962 1244 1009 1307 'oei
1012 1246 1167 1327 generari,
1183 1256 1217 1310 ut
1231 1248 1365 1311 densitas

105 1353 200 1416 medii
214 1353 258 1415 od
270 1352 448 1415 densitatem
463 1352 596 1436 cylindri
611 1331 844 1436 quonproeimd.

109 1525 194 1590 Nam
216 1526 243 1589 si
265 1547 319 1588 vas
341 1525 373 1588 A
390 1524 419 1589 B
435 1523 514 1589 DC
535 1523 635 1588 fundo
657 1546 716 1588 suo
742 1522 770 1590 C
793 1523 828 1590 D
854 1523 1052 1609 superficiem
1077 1549 1168 1612 aquae
1190 1529 1363 1614 stagnantis

62 1645 182 1720 tangat,
205 1645 237 1696 et
251 1654 333 1718 aqua
348 1653 388 1694 ex
403 1630 464 1694 hoc
478 1653 551 1696 vase
565 1653 624 1715 per
639 1630 780 1696 canalem
795 1630 1003 1718 cylindricum
1026 1632 1055 1696 E
1073 1632 1099 1696 F
1115 1633 1147 1697 T
1164 1627 1187 1698 S
1208 1633 1363 1699 horizonti

61 1741 353 1829 perpendicularem
377 1741 411 1803 in
436 1763 550 1828 aquam
576 1752 773 1829 stagnantem
798 1738 914 1819 effluat,
944 1738 1065 1804 locetur
1088 1743 1363 1809 autemcircellus

63 1849 93 1916 P
108 1849 142 1927 Q
160 1849 317 1913 horinonti
336 1847 504 1933 parallelus
520 1849 619 1912 ubiuis
634 1849 667 1914 in
682 1848 788 1912 medio
814 1896 816 1901 -
849 1879 852 1884 ·

62 1957 188 2034 canalis,
212 1970 244 2021 et
264 1956 457 2041 producatur
480 1955 552 2019 CA
570 1955 611 2020 ad
626 1956 668 2035 K,
691 1969 727 2021 ut
748 1957 789 2021 sit
924 1998 929 2009 ·

63 2066 95 2130 A
112 2064 145 2130 K
159 2065 201 2129 nd
218 2065 247 2130 C
264 2063 296 2129 K
319 2064 352 2127 in
372 2063 529 2147 duplicati
551 2065 671 2129 ratione
693 2087 788 2152 quum

59 2173 158 2238 habet
172 2195 318 2238 excessus
335 2173 446 2237 orificii
461 2173 577 2236 canalis
600 2173 629 2237 E
646 2174 673 2238 F
693 2197 788 2259 supra

60 2281 225 2348 circellum
249 2283 277 2346 P
292 2282 326 2360 Q
341 2282 381 2346 ad
397 2282 556 2346 circellum
573 2285 604 2346 A
620 2283 666 2347 B:
689 2283 788 2347 mani-

59 2389 176 2456 festum
190 2403 241 2454 est
263 2395 334 2475 (per
350 2390 423 2455 Cas.
438 2399 467 2455 5.
485 2391 557 2455 Cas.
574 2401 604 2456 6.
620 2405 652 2455 et
668 2392 741 2455 Cor.
760 2401 788 2456 l.
1092 2414 1098 2479 ξ

61 2497 159 2583 Ριορ.
186 2496 371 2578 XXXVI.)
402 2497 487 2583 quod
519 2498 667 2563 velocitas
697 2522 788 2585 aquae
841 2501 912 2591 ...0
973 2535 976 2541 ·

59 2606 249 2672 transeuntis
272 2627 330 2689 per
360 2608 497 2690 spatium
527 2607 680 2672 annulare
709 2609 790 2673 inter
835 2633 838 2645 ·

61 2714 223 2780 circellum
235 2727 266 2778 et
275 2714 374 2778 latera
384 2715 475 2793 vasis,
486 2737 523 2778 ea
534 2717 593 2779 erit
604 2737 697 2802 quam
708 2737 790 2800 aqua

60 2822 204 2888 cadendo
218 2833 249 2886 et
264 2844 338 2885 casu
353 2844 411 2885 suo
427 2821 635 2886 describendo
652 2821 789 2885 altitudi-

61 2954 135 2997 nem
152 2930 185 2996 K
202 2931 230 2995 C
245 2929 296 2994 vel
311 2929 327 2994 Ι
345 2930 378 2995 G
393 2931 553 3017 acquirere
568 2943 682 3016 potest.

108 3039 150 3106 Et
166 3043 236 3123 (per
252 3038 359 3103 Corol.
380 3047 429 3103 10.
448 3040 544 3139 Ριορ.
562 3037 746 3117 XXXVI.)
763 3037 787 3100 si
831 3043 835 3139 l

60 3145 143 3211 vasis
168 3145 301 3209 latitudo
324 3147 365 3210 sit
390 3147 521 3224 infinita,
553 3149 591 3231 (⁰)
616 3159 653 3210 ut
675 3146 789 3209 lineola
829 3142 835 3182 ²

63 3253 134 3319 HI
156 3268 321 3318 evanescat
343 3270 374 3318 et
399 3254 576 3319 altitudines
599 3255 675 3332 IG‚
700 3254 737 3318 H
754 3255 787 3320 G

61 3382 244 3456 aequenturt
271 3371 318 3434 vis
339 3393 429 3456 aquae
445 3370 611 3435 defluentis
626 3371 659 3433 in
674 3371 832 3436 circellum
849 3375 908 3439 erit
923 3372 963 3437 ad
978 3372 1102 3456 pondus
1123 3369 1255 3457 cylindri
1271 3372 1356 3455 cuju

61 3477 143 3542 basis
159 3492 206 3543 est
220 3478 363 3543 circellus
379 3479 430 3543 ille
446 3492 478 3545 et
492 3479 624 3544 altitudo
638 3492 687 3543 est
701 3484 720 3561 l
738 3481 754 3543 Ι
772 3481 815 3558 G,
832 3495 866 3546 ut
883 3481 912 3546 Ε
930 3480 984 3567 Fq
1001 3480 1041 3543 ad
1058 3479 1087 3543 E
1101 3478 1238 3564 Fq-3
1254 3477 1281 3541 P
1293 3476 1339 3553 Q·

61 3585 310 3671 quamproxime.
356 3586 440 3652 Nam
465 3589 509 3651 vis
532 3611 632 3673 aquae,
656 3587 695 3671 (ι’)
711 3587 858 3652 uniformi
881 3602 968 3653 motu
991 3587 1155 3652 defluentis
1177 3609 1234 3670 per
1257 3598 1333 3648 totus

62 3692 214 3770 canalem,
249 3693 360 3757 eadem
387 3695 446 3758 erit
475 3695 508 3756 in
537 3694 696 3758 circellum
728 3694 755 3758 P
779 3695 813 3772 Q
842 3697 875 3759 in
905 3694 1092 3782 quicunque
1124 3692 1240 3756 canalis
1270 3705 1358 3775 parte

24 3862 30 3869 ,
61 3797 209 3863 locatum.

108 3906 307 3970 clauduntur
316 3908 383 3992 jam
398 3907 514 3971 canalis
529 3909 651 3999 crificia
666 3909 743 3985 EF,
762 3909 836 3986 ST,
852 3920 884 3972 et
898 3908 1046 3973 ascendat
1061 3906 1203 3970 circellus
1219 3906 1251 3969 in
1261 3906 1360 3971 fluido

64 4015 201 4101 undique
223 4038 414 4100 compresso,
437 4031 469 4081 et
483 4040 613 4081 ascensu
635 4040 693 4081 suo
715 4032 808 4106 cogat
825 4042 936 4106 aquam
958 4019 1151 4105 superiorem
1172 4015 1361 4081 descendere

64 4143 118 4206 per
133 4122 269 4206 spatium
285 4123 436 4186 annulare
452 4123 534 4186 inter
548 4122 709 4187 circellum
723 4139 755 4188 et
769 4124 866 4188 latera
881 4125 1013 4188 canalis:
1037 4139 1069 4188 et
1083 4122 1229 4186 velocitas
1245 4122 1361 4187 circelli

63 4230 260 4295 ascendentis
276 4232 336 4295 erit
350 4231 390 4296 ad
407 4232 600 4297 velocitatem
616 4255 707 4319 aquae
722 4233 940 4300 descendentis
963 4236 1000 4323 (θ)
1015 4246 1052 4300 ut
1064 4234 1239 4299 differentia
1261 4233 1362 4298 circu-

62 4343 164 4408 lorum
180 4345 210 4409 E
228 4345 302 4411 Fet
318 4347 345 4411 P
361 4346 395 4424 Q
409 4346 449 4410 ad
465 4345 615 4410 clrculum
641 4347 669 4411 P
684 4344 728 4424 Q,
755 4358 788 4411 et
807 4346 955 4411 velocitas
971 4346 1087 4412 circelli
1102 4344 1298 4411 ascendentis
1320 4344 1361 4410 ad

92 4540 129 4604 (²)
142 4545 156 4573 ⁰
175 4545 206 4591 Ut
217 4545 299 4590 lineato
313 4546 342 4591 Η
352 4546 368 4591 1
376 4553 501 4591 eoomscm.
540 4542 586 4589 Per
598 4542 653 4590 Cor.
669 4548 690 4591 l.
728 4543 859 4593 uniformes
868 4553 924 4592 sunt
935 4553 963 4592 ut
973 4542 1360 4606 spmiaeodemtemporedescrip·

61 4603 132 4666 Prop.
149 4606 298 4654 XXXVII.
312 4619 353 4654 aut
365 4610 417 4669 (per
428 4617 475 4653 not.
486 4606 563 4666 275.)Ι
727 4619 767 4666 ta;
785 4608 827 4656 scd
843 4608 990 4656 intercedam
1006 4610 1108 4656 circulus
1123 4611 1144 4658 P
1159 4610 1294 4669 Qspatium
1306 4607 1361 4655 soli-

93 4669 127 4734 (θ)
146 4676 159 4701 ’
177 4674 225 4720 Uni
235 4675 295 4719 ormi
311 4681 375 4720 motu
391 4674 514 4736 defluentis
531 4674 584 4735 (per
602 4671 655 4719 Cas.
669 4677 692 4721 6.
727 4673 795 4729 dum,
807 4689 849 4721 seu
860 4673 992 4735 cyliudrum
1006 4675 1093 4729 PQX
1106 4676 1130 4722 R
1140 4673 1256 4730 describit,
1264 4672 1360 4720 dacen-

63 4734 134 4792 Pron.
149 4735 200 4782 XX
236 4736 304 4795 VI.).
727 4736 762 4784 dit
773 4753 843 4801 aqua²
853 4739 970 4800 quintius
977 4738 1145 4800 hulccyIIndm
1152 4739 1255 4803 equalis,
1262 4747 1361 4798 etprop·

93 4798 153 4864 (')⁸
172 4804 203 4850 Ut
220 4803 348 4867 distantia
366 4802 512 4850 circatorum.
550 4801 695 4849 Velocitate·
726 4800 791 4850 terei
809 4801 910 4852 ultitudo
925 4802 1038 4852 verticalis
1054 4819 1095 4866 per
1109 4819 1181 4869 quam
1192 4819 1253 4868 equa
1266 4801 1362 4850 dueen-
