3202 5446
160 493 274 558 ansa
290 471 454 572 ascusnss]
487 490 727 558 nummus
750 470 1119 559 Maruuusmcs.

365 787 648 904 Puoposl'rlo
672 790 801 854 XXVI.
847 787 1117 857 THEOREMA
1140 790 1239 855 XXI.

144 991 323 1078 [Oospontm
332 989 618 1074 fimependtdovum,
641 987 745 1071 quita
759 989 909 1051 resistitur
923 989 956 1061 in
970 988 1090 1049 ratione
1107 988 1301 1064 velocitatem,
1313 987 1444 1058 ,oscilla-

524 1096 621 1158 tiones
635 1096 669 1157 in
682 1095 812 1179 cycloide
825 1104 894 1157 sunt
908 1091 1079 1158 isoclrronae.

200 1290 239 1375 (³)
257 1288 341 1354 Nam
364 1290 391 1352 si
416 1310 548 1373 corpora
573 1288 647 1367 duo,
673 1311 692 1351 a
714 1289 827 1354 centris
854 1290 1092 1374 suspensionum
1115 1289 1275 1378 aequaliter
1298 1291 1442 1355 distantia

156 1398 329 1463 oscillando
344 1398 520 1463 describant
535 1421 625 1463 arcus
648 1399 826 1485 inaequales,
849 1414 881 1464 et
901 1401 1077 1465 velocitates
1098 1401 1132 1463 in
1153 1424 1282 1465 arcuum
1303 1401 1446 1486 partibus

155 1505 471 1590 correspondentibus
493 1506 555 1570 sint
569 1505 609 1570 ad
624 1507 755 1571 invicem
770 1520 805 1570 ut
818 1529 908 1571 arcus
930 1508 1004 1584 toti3
1027 1509 1209 1572 resistentiae
1230 1508 1442 1572 velocitatibus

154 1615 415 1700 proportionales,
439 1627 531 1678 erunt
551 1616 645 1680 etiam
666 1616 707 1680 ad
727 1617 860 1680 invicem
875 1629 910 1680 ut
923 1617 1015 1681 iidem
1032 1640 1132 1682 arcus.
1179 1617 1315 1682 Proinde
1330 1619 1356 1681 si
1370 1618 1443 1679 viri·

154 1722 214 1786 bus
227 1722 410 1787 motricibus
425 1745 445 1785 a
458 1723 610 1809 gravitate
626 1722 776 1801 oriundis,
799 1746 869 1809 quae
891 1725 953 1788 sint
972 1735 1008 1789 ut
1028 1725 1123 1788 iidem
1139 1747 1239 1803 arcus,
1264 1724 1442 1789 auferantur

154 1828 205 1894 vel
219 1829 374 1895 addantur
387 1831 439 1896 hae
453 1833 648 1911 resistentie,
673 1846 765 1899 erunt
784 1834 966 1899 differentia
988 1835 1037 1900 vel
1059 1858 1187 1901 summae
1201 1837 1242 1901 ad
1256 1838 1388 1900 invicem
1410 1837 1443 1898 in

154 1939 265 2006 eidem
279 1964 408 2005 arcuum
430 1944 567 2008 ratione:
592 1966 725 2030 cumque
747 1944 943 2009 velocitatum
964 1945 1155 2010 incrementa
1175 1945 1222 2010 vel
1245 1945 1444 2009 decrementa

154 2048 217 2112 sint
231 2062 266 2112 ut
279 2048 331 2112 hoe
345 2048 529 2114 differentias
543 2050 591 2114 vel
606 2073 745 2129 summae,
761 2050 939 2116 velocitates
950 2074 1072 2137 semper
1085 2064 1178 2118 erunt
1198 2064 1234 2116 ut
1255 2074 1345 2116 arcus
1367 2052 1441 2116 toti:

153 2156 250 2244 igitur
264 2155 452 2233 velocitates,
469 2157 496 2221 si
511 2157 621 2221 sintin
635 2157 739 2244 aliquo
754 2179 827 2221 casu
841 2170 876 2222 ut
890 2180 980 2222 arcus
996 2159 1063 2236 toti,
1079 2159 1250 2222 manebunt
1264 2181 1388 2243 semper
1409 2159 1443 2221 in

153 2263 263 2328 eisdem
278 2265 408 2328 ratione.
455 2264 517 2329 Sed
532 2265 565 2327 in
579 2265 734 2349 principio
748 2278 860 2342 motus,
883 2278 919 2329 ut
933 2286 1066 2349 corpora
1086 2265 1239 2350 incipiunt
1252 2264 1442 2330 descendere

153 2384 187 2436 et
200 2393 291 2436 meus
305 2372 374 2435 illos
394 2372 580 2451 describere,
602 2373 694 2450 vires,
720 2395 792 2437 cum
807 2375 870 2438 sint
884 2374 1017 2437 arcubus
1037 2373 1294 2459 proportionales,
1311 2396 1438 2460 genera·

153 2479 233 2543 bunt
247 2480 423 2545 velocitates
438 2482 572 2546 arcubus
594 2466 851 2567 proportionales.
897 2481 984 2569 Ergo
1007 2482 1184 2547 velocitates
1206 2505 1329 2567 semper
1351 2496 1443 2546 erunt

153 2599 189 2650 ut
214 2609 304 2651 arcus
330 2589 387 2651 toti
416 2588 623 2668 describendi,
653 2601 684 2652 et
709 2602 876 2679 propterea
903 2611 994 2654 arcus
1022 2589 1069 2653 illi
1098 2590 1189 2655 simul
1218 2590 1441 2654 describentur.

157 2692 199 2771 Q.
216 2717 243 2757 e.
260 2695 290 2758 d.

197 2887 221 2949 y)
234 2893 248 2920 ⁶
262 2891 328 2938 Nom
343 2893 468 2951 strowe
480 2894 535 2943 duo,
556 2891 658 2951 exempli
673 2891 744 2939 ausi
761 2892 783 2940 B
816 2894 917 2940 donam.
954 2891 1022 2938 Vires
1038 2891 1119 2954 igitur,
1138 2900 1163 2939 et
1178 2890 1317 2945 velocitates,
1338 2901 1361 2938 et
1377 2906 1445 2939 arcus

151 2961 176 2999 et
214 2985 221 3007 ‚
240 2970 255 3000 o
269 2965 349 3002 mro
365 2957 521 3016 semeonis
536 2958 656 3018 aqualiter
666 2958 782 3012 dietam
817 2955 934 3016 descripti,
951 2971 979 3002 ac
994 2954 1092 3016 proinde
1108 2965 1132 3003 et
1147 2970 1214 3002 arcus
1224 2954 1376 3011 describendi,
1393 2971 1444 3002 ma·

152 3019 276 3066 emtam
285 3021 413 3067 &addant
429 3035 498 3067 arcus
509 3021 634 3081 inaequales
651 3020 706 3074 Ba,
726 3021 751 3068 D
762 3036 783 3077 e,
817 3029 874 3067 nent
892 3034 984 3079 semper
999 3019 1025 3066 in
1046 3017 1100 3066 dati
1119 3019 1215 3067 ratione.
1252 3021 1332 3074 Quare
1348 3035 1444 3080 corpora

151 3091 175 3130 et
184 3084 309 3131 uloeitoter
321 3086 346 3130 ia
362 3099 464 3130 arcuum
472 3086 580 3144 partitus
590 3087 784 3145 campestrati-
816 3083 865 3132 duo
876 3083 946 3131 simul
957 3083 1095 3144 perveniunt
1110 3082 1140 3130 ad
1156 3092 1271 3144 punctum
1287 3083 1395 3130 infimum
1408 3084 1443 3140 (ἴς

150 3147 204 3200 hur,
215 3161 257 3193 seu
268 3146 292 3193 in
304 3162 402 3194 arcuum
416 3148 437 3195 B
449 3163 471 3203 a,
486 3147 510 3194 D
520 3163 533 3193 e
543 3147 717 3208 quadrantibus,
730 3163 782 3207 par-
814 3157 838 3194 et
853 3146 934 3194 eodem
951 3147 1022 3195 modo
1041 3149 1151 3208 probetur
1166 3147 1231 3210 quod
1246 3162 1313 3194 urus
1325 3148 1378 3204 Ca,
1398 3148 1445 3195 Ca

152 3211 216 3258 thia
230 3210 311 3268 tertiis,
330 3212 381 3265 irc..
400 3214 447 3260 rint
462 3215 494 3259 od
510 3214 607 3259 invicem
618 3222 645 3260 ut
656 3229 725 3261 orcas
741 3214 783 3261 toti
814 3211 886 3258 simul
897 3211 1035 3259 describant.

154 3274 214 3331 132,
238 3274 264 3321 D
279 3291 307 3323 e:
332 3279 463 3324 nautentiae
484 3278 636 3324 volomtatiiat
654 3280 781 3338 proportio·
847 3279 969 3325 acutiam.
995 3276 1126 3322 Newanus
1136 3274 1160 3322 in
1171 3273 1263 3323 duabus
1275 3273 1443 3336 Propositioni-

150 3340 224 3396 nala,
243 3349 314 3389 aaut
331 3343 397 3388 etiam
414 3343 558 3388 adinvicem
574 3351 601 3388 ut
617 3343 685 3389 iidem
701 3357 778 3389 arcas.
815 3342 860 3388 bus
872 3339 1057 3400 precedentibus
1067 3338 1168 3387 ostendit
1183 3338 1310 3401 cycloidem
1326 3355 1375 3386 esse
1391 3355 1444 3385 cur-

152 3405 254 3452 m
264 3406 377 3453 anetus
387 3407 521 3453 nwtricibus
532 3423 546 3451 a
555 3408 668 3466 gravitate
678 3408 782 3453 mundis
816 3419 870 3451 vam
882 3405 1035 3460 isochronam,
1056 3407 1137 3466 (quam
1152 3403 1193 3451 alii
1210 3406 1385 3451 tautochronam
1401 3418 1443 3462 ap·

153 3466 296 3531 (noandum
312 3479 434 3531 tangentes
451 3468 561 3529 cycloidis
576 3469 711 3531 agentibus)
725 3485 782 3580 pao
815 3468 925 3529 pellant)
937 3483 985 3515 nou
1002 3466 1094 3515 tantalm
1109 3469 1134 3514 in
1152 3468 1230 3515 medio
1250 3483 1297 3515 non
1316 3469 1442 3519 resistente,

151 3533 237 3580 sistat
247 3535 316 3580 iidem
331 3550 400 3581 arcus
420 3533 476 3588 Ba,
495 3533 552 3586 De,
569 3534 709 3595 osrsmntur
741 3548 783 3580 um
815 3532 856 3580 sed
867 3532 936 3579 etiam
948 3532 973 3579 iu
984 3531 1162 3593 medioquodin
1173 3532 1261 3579 ratione
1269 3542 1443 3578 momentorum

153 3610 239 3656 ereptas
264 3595 391 3651 descendit,
420 3600 454 3645 orl
476 3601 594 3645 addantur
616 3598 674 3644 dum
701 3613 785 3658 corpus
818 3596 935 3656 temporis,
955 3597 1014 3644 etin
1025 3596 1102 3644 medio
1112 3597 1176 3659 quod
1188 3597 1276 3644 ratione
1291 3595 1389 3656 simplici
1405 3610 1443 3641 ve·

151 3659 264 3717 uendit,
284 3664 320 3708 hae
338 3664 486 3718 resumim-
507 3672 576 3709 erum
598 3664 734 3727 differ-catice
751 3664 787 3710 uel
818 3660 918 3708 locitatis
934 3661 1033 3718 resistit,
1053 3676 1134 3707 verum
1149 3676 1257 3724 quaenam
1273 3661 1305 3706 sit
1318 3675 1388 3705 curva
1403 3658 1443 3705 illa

151 3739 252 3774 assam
268 3728 299 3773 ad
309 3729 405 3774 instem
422 3730 447 3774 in
462 3725 542 3774 eidem
559 3743 660 3774 arcitum
678 3729 782 3775 radere:
816 3726 968 3773 tautocbrona
978 3725 1002 3771 in
1014 3725 1136 3786 hypothesi
1146 3724 1279 3772 resistentie
1294 3723 1443 3770 velocitatum

152 3805 252 3852 mque
262 3792 407 3840 maurum
424 3794 566 3839 incrementa
583 3794 618 3839 uel
633 3795 784 3847 decremento,
816 3789 928 3852 quadrato
946 3789 1122 3850 proportionalis
1140 3804 1189 3836 non
1207 3787 1300 3835 indicat.
1337 3788 1443 3849 Elegan-

152 3851 330 3914 datotamporis
341 3866 461 3903 momento
472 3858 557 3918 genita,
575 3859 619 3903 sint
632 3865 659 3904 at
670 3859 706 3904 hae
717 3854 783 3918 diffe·
816 3854 914 3902 tissimus
932 3854 1029 3916 hujusce
1048 3853 1201 3901 Problematis
1217 3851 1344 3899 solutiones
1359 3850 1443 3897 dedere

152 3920 236 3967 reatin
247 3921 282 3967 ael
291 3935 390 3967 sammaa
403 3922 466 3982 (18),
483 3924 607 3969 velocitates
618 3937 703 3983 semper
713 3929 783 3967 erunt
816 3917 957 3965 celeberrimi
965 3918 1121 3965 mathematici
1130 3918 1232 3965 Eulerus
1240 3914 1439 3962 Tom.lV.Acad.

152 3991 182 4031 ut
192 3999 263 4031 arran
273 3987 313 4031 toti
327 3984 348 4031 B
360 4000 382 4040 a,
395 3984 420 4031 D
432 4000 458 4031 e:
480 3988 551 4045 igitur
561 3988 691 4041 oehruoter,
707 3987 784 4032 sirint
818 3982 910 4043 Petrop·
925 3992 949 4028 et
961 3982 1029 4029 Tom.
1046 3982 1081 4028 ll.
1100 3982 1252 4035 Meshanicre,
1265 3994 1354 4026 necnon
1365 3978 1439 4026 claris.
1453 4034 1458 4058 r

152 4047 179 4094 isa
190 4049 269 4111 aliquo
281 4063 337 4096 outa
347 4058 374 4096 ut
385 4063 455 4096 orcas
466 4053 514 4106 toti,
527 4052 651 4096 manebant
661 4065 749 4109 semper
760 4051 786 4096 in
820 4046 970 4095 Bernoullius
986 4047 1009 4092 in
1023 4047 1186 4093 Monumentis
1198 4045 1271 4091 Acad.
1287 4044 1347 4106 Reg.
1363 4044 1441 4090 Scisn-
1454 4070 1455 4073 =

151 4108 235 4159 elidem
255 4115 351 4160 mione.
394 4117 438 4159 Sed
460 4116 484 4161 in
504 4116 617 4174 principio
638 4112 720 4168 motis,
747 4114 787 4161 ahi
820 4110 907 4159 tiaram
921 4110 1041 4159 Parisan.
1058 4116 1126 4186 list).
1159 4108 1325 4186 'Novamnviam
1336 4105 1442 4183 quicar-

152 4176 786 4302 wamffl
817 4171 1304 4300 attentasset
1319 4181 1442 4284 siat

151 4303 259 4351 musis
269 4304 335 4354 nulla
346 4315 386 4360 est,
398 4309 456 4354 vires
469 4316 524 4354 runt
535 4308 638 4354 arcubus
648 4307 683 4354 illi
691 4322 785 4367 mor·
819 4303 982 4353 Monumentis
992 4304 1047 4351 mni
1062 4308 1129 4352 173⁴.

163 4403 225 4454 Vos.
240 4408 260 4455 1.
778 4407 823 4453 0⁰
