3188 5444
167 487 226 546 168
288 480 294 491 '
428 475 769 544 PHILOSOPHIAE
792 474 1066 545 NATURALIS
1154 475 1270 561 [Mor.
1293 476 1450 550 Οοιινον,

204 652 243 719 In
257 650 317 715 haic
330 653 552 737 propositione,
575 663 608 717 et
621 674 695 718 casu
706 652 843 718 secundo
860 652 1081 738 propositionis
1094 653 1263 738 superioris
1288 668 1452 722 construo·

163 763 258 825 tiones
272 760 390 825 eaedem
402 773 482 840 sunt,
505 762 568 825 sive
582 775 668 826 recta
682 762 716 826 X
726 761 758 826 Y
772 762 977 847 trajectoriam
988 774 1071 826 secet
1095 762 1129 825 in
1144 762 1181 827 X
1194 774 1227 826 et
1241 762 1282 841 Y,
1306 765 1372 830 sive
1386 786 1451 831 non

162 881 259 946 secet;
282 891 388 954 eaeque
402 891 466 931 non
480 869 619 953 pendent
638 869 677 933 ab
691 869 751 933 hirc
774 869 920 935 sectione.
968 869 1030 934 Sed
1044 869 1265 934 demonstratis
1286 883 1450 937 construc-

160 977 296 1041 tionibus
311 977 364 1041 ubi
378 989 462 1041 recta
475 977 529 1040 illa
547 978 753 1063 trajecton'am
779 988 872 1055 secat,
895 977 1093 1041 innotescunt
1117 976 1373 1058 constructiones,
1395 979 1449 1045 ubi

159 1109 221 1149 non
237 1099 338 1163 secat3
362 1086 459 1173 iisque
472 1085 553 1150 ultra
567 1085 816 1150 demonstrandis
823 1085 982 1149 brevitatis
995 1083 1096 1173 gratiis
1106 1108 1172 1150 non
1186 1085 1347 1150 immoror.

646 1408 821 1477 LEMMA
844 1408 962 1475 XXII.

420 1661 549 1744 Figuras
562 1661 596 1722 r'n
609 1661 689 1722 alias
702 1658 825 1742 prudent
842 1660 958 1743 generis
969 1661 1092 1744 figuras
1102 1669 1224 1724 mutare.

200 1900 454 1966 Transmutanda
468 1902 506 1966 sit
520 1901 621 1990 figura
646 1902 762 1988 quaevis
780 1900 815 1964 H
831 1901 864 1967 G
887 1900 914 1966 Ι.
959 1902 1125 1967 Ducuntur
1149 1925 1211 1988 pro
1236 1904 1339 1971 lubitu
1353 1920 1446 1973 recte

154 2005 225 2070 duoe
243 2009 400 2094 parallelae
415 2009 446 2072 A
462 2007 503 2086 0,
522 2009 550 2071 Β
566 1987 724 2072 Ltertium
740 2008 878 2095 quamvis
887 2008 1038 2091 positione
1053 2009 1157 2073 datam
1169 2013 1201 2075 A
1217 2011 1245 2076 B
1261 2027 1401 2080 secantes
1413 2016 1445 2081 in

146 2109 179 2174 A
198 2127 229 2178 et
244 2115 283 2192 B,
299 2129 331 2179 et
345 2139 364 2178 a
378 2116 488 2202 figuroe
502 2128 618 2199 puncto
633 2118 740 2203 quovis
757 2118 798 2194 G,
816 2117 856 2180 ad
867 2129 982 2180 rectam
998 2119 1029 2181 A
1042 2117 1070 2182 Β
1085 2118 1216 2184 ducatur
1227 2124 1345 2209 quaevis
1358 2125 1391 2191 G
1402 2124 1442 2206 D,

151 2221 214 2305 ipsi
243 2220 275 2287 0
300 2221 331 2284 Α
352 2222 509 2306 parallela.
554 2223 680 2289 Deinde
708 2248 727 2288 a
751 2237 867 2310 puncto
893 2225 997 2312 aliquo
1019 2225 1060 2304 Ο,
1098 2227 1132 2291 in
1151 2228 1234 2295 linea
1257 2231 1290 2299 0
1305 2234 1338 2299 A
1359 2234 1443 2316 dato,

153 2326 191 2390 ad
207 2341 357 2411 punctum
367 2328 400 2393 D
412 2328 544 2392 ducatur
558 2352 625 2393 rec-

153 2440 185 2492 ta
199 2429 231 2494 O
245 2430 289 2508 Ι),
307 2431 365 2514 ipsi
376 2430 405 2494 B
417 2431 446 2494 L
458 2454 622 2496 occurrens

152 2535 185 2598 in
199 2535 230 2614 d,
254 2551 318 2602 eta
342 2551 459 2621 puncto
473 2561 620 2605 occursus
757 2583 788 2649 Ο

152 2642 289 2729 erigatur
313 2656 398 2706 recta
426 2643 446 2707 d
468 2668 491 2732 g
511 2645 618 2709 datum

152 2748 289 2833 quemvis
303 2748 453 2836 angulum
464 2772 535 2814 cum
550 2774 617 2815 rec·

151 2854 181 2918 td
213 2854 294 2919 BL
322 2858 492 2937 continens,
524 2870 616 2945 atque

151 2984 218 3025 eam
247 2961 365 3028 habens
391 2966 542 3030 rationem
575 2966 616 3031 ad

151 3065 182 3129 Ο
205 3064 333 3152 dquam
353 3066 496 3134 babetD
520 3070 554 3135 G
575 3069 616 3133 ad

151 3172 182 3237 0
197 3173 249 3250 D;
272 3186 303 3237 et
313 3175 372 3238 erit
385 3199 407 3263 g
420 3191 570 3260 punctum
580 3180 613 3243 in

148 3279 248 3367 figuris
271 3282 351 3346 novis
372 3283 395 3347 b
415 3308 438 3371 g
459 3286 470 3348 i
497 3299 614 3369 puncto

150 3384 183 3448 G
233 3387 433 3470 respondens.
493 3390 614 3456 Eidem

147 3491 268 3555 ratione
292 3507 408 3578 puncta
432 3497 554 3585 singula
576 3501 613 3564 fl·
1168 3577 1193 3596 .‚

147 3620 236 3684 guroe
250 3600 360 3685 primae
381 3601 500 3670 dabunt
512 3630 612 3691 punc·
631 3607 664 3671 A
1176 3593 1179 3600 Ι
1404 3644 1423 3710 1

148 3719 182 3768 ta
217 3706 346 3771 totidem
384 3709 495 3798 fibmrrae
514 3736 614 3782 novas.
660 3724 798 3812 Concipe
842 3730 937 3819 igitur
969 3751 1120 3821 punctum
1165 3746 1198 3813 G
1237 3766 1328 3819 motu
1366 3778 1438 3823 con-

149 3812 238 3933 tipuo
260 3835 443 3899 percurrere
464 3837 582 3905 punctu
617 3833 722 3896 omnia
750 3835 861 3922 figurae
899 3843 1020 3925 primae,
1058 3861 1090 3913 et
1113 3868 1266 3935 punctum
1288 3882 1312 3949 g
1351 3878 1438 3931 moto

148 3918 256 3983 rudem
271 3923 418 3988 continuo
432 3944 594 4010 percurret
607 3951 723 4018 puncta
734 3946 839 4008 omnia
852 3947 962 4034 figurae
973 3974 1063 4018 novae
1079 3970 1111 4021 et
1125 3962 1257 4029 eandem
1272 3966 1439 4038 describet.

148 4024 367 4093 Distinctionis
386 4033 487 4120 gratis
501 4040 697 4109 nominemus
712 4047 746 4111 D
771 4051 802 4115 G
817 4053 991 4121 ordinatam
1012 4062 1154 4146 primam,
1177 4069 1201 4133 d
1222 4074 1437 4159 gordinatarrr

148 4154 281 4215 novam3
305 4136 382 4204 AD
404 4141 733 4234 abscissamprimam,
756 4158 812 4222 ad
830 4161 995 4229 abscissam
1013 4189 1146 4251 novam3
1170 4176 1334 4264 Opolum,
1359 4185 1437 4255 OD

147 4239 269 4306 radium
293 4245 536 4330 abscindentem,
561 4253 593 4320 0
608 4259 775 4328 Aradium
798 4268 974 4335 ordinatum
987 4277 1134 4358 primurn,
1161 4297 1193 4347 et
1207 4285 1239 4351 0
1254 4311 1274 4352 s
1289 4295 1368 4379 (quo
1381 4316 1436 4382 pa-

147 4345 429 4436 rallelogrammum
445 4356 477 4423 0
492 4360 523 4423 A
534 4360 568 4438 B,
577 4386 596 4425 a
611 4368 795 4453 completur)
812 4376 932 4441 rudium
942 4381 1120 4450 ordinatum
1134 4411 1260 4459 novum.

189 4454 273 4520 Dico
282 4460 348 4542 jam
363 4464 457 4549 quod,
481 4466 507 4529 si
522 4483 672 4551 punctum
689 4477 721 4541 G
744 4483 844 4569 tangit
868 4499 984 4551 rectam
1010 4490 1124 4558 lineam
1146 4501 1302 4582 positione
1318 4506 1434 4590 datam,

146 4575 296 4684 punctum
310 4588 340 4687 g·
346 4580 452 4658 tanget
474 4575 567 4639 etiam
587 4579 701 4646 lineam
716 4601 831 4653 rectam
845 4597 999 4677 positione
1014 4600 1128 4668 datam
1174 4608 1208 4671 Si
1230 4629 1386 4695 punctum
1401 4619 1436 4686 G

147 4681 246 4757 tangit
271 4692 408 4740 comeam
432 4685 600 4750 sectionem
618 4704 768 4773 punctum
782 4720 805 4784 g
819 4711 929 4788 tanget
953 4707 1046 4772 etiam
1076 4713 1215 4780 conicum
1252 4723 1433 4793 sectionem.

149 4776 272 4845 Cornicis
287 4781 473 4852 sectionibus
488 4789 539 4856 bic
553 4797 703 4866 circulum
718 4824 898 4874 annumero.
944 4812 1044 4879 Porro
1059 4819 1085 4881 si
1105 4835 1255 4904 punctum
1274 4828 1306 4894 G
1335 4835 1433 4921 tangit
