3202 5446
158 424 268 489 Lrsaa
286 425 450 507 Patrius]
496 426 738 506 PRINCIPIA
763 422 1137 491 MATHEMATICA.
1392 431 1456 488 428

153 600 677 685 eth‚QsatcE)cE-t
699 602 1223 670 BG-FRadCE-FS.
1261 601 1456 689 Vertim(ob

153 708 406 794 proportionales
424 710 453 775 B
469 711 503 776 G
517 710 556 776 ad
575 711 603 776 C
619 712 648 776 E
663 725 694 776 et
711 711 749 776 M
765 748 809 761 —
825 712 857 776 N
872 711 912 776 atl
928 712 974 793 N)
997 724 1044 776 est
1061 711 1153 775 etiam
1171 711 1199 776 C
1216 711 1245 774 Ε
1265 721 1298 789 -Ι-
1320 711 1348 775 Β
1365 710 1399 776 G
1413 710 1454 775 ad

156 816 185 880 C
201 816 230 881 E
245 829 281 881 ut
297 816 336 881 M
352 817 393 880 ad
410 818 459 882 N:
484 817 523 904 (¹)
542 818 675 905 ideoque
691 819 814 883 divisim
831 819 858 883 F
875 820 905 885 R
921 818 961 883 ad
980 820 1008 883 F
1024 821 1047 884 S
1068 832 1103 883 ut
1124 818 1164 884 M
1179 817 1219 882 ad
1237 817 1278 896 N,
1304 831 1336 883 et
1359 840 1455 903 prop-

153 939 240 988 terea
254 946 313 1008 per
330 923 437 1012 Corol.
453 933 484 990 2.
503 925 598 1010 Prop.
615 927 770 1005 XCVII„
787 927 967 1012 superficies
983 926 1012 991 E
1026 927 1053 991 F
1067 927 1152 1012 cogit
1166 947 1289 1010 corpus,
1305 926 1338 988 in
1353 926 1455 1010 ipsam

153 1030 329 1095 secundum
344 1031 457 1096 lineam
474 1031 508 1097 D
520 1032 547 1097 F
558 1033 709 1111 incidens,
725 1056 858 1120 pergere
869 1035 902 1097 in
913 1034 996 1098 linea
1009 1033 1036 1099 F
1049 1034 1081 1098 R
1092 1034 1133 1096 ad
1143 1032 1247 1096 locum
1265 1032 1303 1096 B.
1327 1032 1369 1108 Q.
1382 1055 1409 1097 e.
1420 1033 1453 1098 d.

196 1140 353 1205 Scholium.
398 1139 520 1205 Eidem
535 1141 686 1206 methodo
700 1164 832 1230 pergere
846 1141 955 1206 liceret
968 1141 1007 1206 ad
1024 1140 1205 1226 superficies
1220 1152 1283 1203 tres
1306 1139 1355 1205 vel
1379 1140 1451 1224 plu·

154 1269 216 1311 res.
262 1246 316 1311 Ad
332 1269 406 1310 usus
422 1259 526 1312 autem
542 1249 662 1334 opticos
677 1251 813 1313 maxime
824 1248 1067 1335 accommodatae
1077 1248 1271 1335 suntligurae
1282 1246 1452 1332 spltaericae.

154 1356 191 1422 Si
204 1354 458 1441 perspicillorum
473 1357 553 1421 vitra
577 1357 730 1443 objectiva
754 1381 794 1422 ex
816 1359 902 1423 vitris
927 1357 1051 1423 duobus
1078 1357 1231 1443 sphaerici
1256 1357 1398 1445 figuratis
1422 1370 1454 1421 et

153 1485 267 1550 aquam
283 1461 364 1527 inter
379 1486 412 1527 se
428 1463 646 1533 claudentibus
669 1465 865 1544 conflentum
888 1466 957 1530 lieri
982 1478 1087 1550 potest
1111 1478 1147 1528 ut
1172 1489 1191 1528 a
1216 1464 1453 1530 reductionibus

152 1596 245 1662 aquae
260 1596 382 1639 errores
397 1574 629 1654 refractionum,
647 1598 718 1660 quan
733 1577 814 1641 fiunt
828 1577 860 1640 in
875 1577 1027 1641 vitrorum
1043 1575 1267 1661 superficiebus
1290 1576 1449 1653 extremis,

153 1684 230 1749 satis
244 1682 388 1748 accurate
404 1685 610 1771 corrigantur.
657 1686 750 1751 Talia
763 1700 865 1752 autem
882 1688 962 1751 vitra
977 1688 1130 1774 objectiva
1145 1688 1232 1752 vitris
1256 1687 1398 1773 ellipticis
1420 1699 1453 1750 et
1498 1696 1503 1711 “

152 1792 363 1880 hyperbolicis
379 1793 574 1879 praeserenda
589 1808 671 1874 sunt,
689 1817 753 1858 non
769 1795 870 1860 solum
885 1796 970 1883 quod
992 1795 1112 1861 facilius
1135 1809 1167 1861 et
1190 1798 1364 1860 accuratius
1387 1795 1452 1860 for·

152 1904 233 1968 mari
247 1903 378 1989 possint,
395 1903 451 1968 sed
466 1904 559 1968 etiam
575 1905 661 1991 quod
683 1904 846 1990 penicillos
868 1906 1027 1971 radiorum
1052 1920 1142 1971 extra
1165 1929 1257 1972 axem
1281 1906 1352 1971 vitri
1376 1907 1452 1970 sitos

153 2013 329 2079 accuratius
344 2012 526 2102 refringant.
572 2013 695 2079 Vertim
720 2028 824 2080 tamen
848 2015 971 2080 diversa
996 2016 1191 2080 diversorum
1217 2015 1376 2079 radiorum
1402 2036 1451 2078 re-

152 2122 359 2212 frangibilitas
374 2125 598 2211 impedimento
613 2138 668 2203 est,
685 2124 748 2211 qud
763 2127 866 2190 minus
882 2127 986 2212 optica
998 2148 1056 2210 per
1071 2127 1188 2214 figuras
1211 2125 1260 2189 vel
1283 2124 1451 2210 splraericas

151 2233 202 2297 vcl
217 2234 294 2298 alias
310 2257 514 2322 quascunque
528 2235 638 2320 perfici
653 2235 760 2319 possit.
807 2235 877 2300 Nisi
893 2235 1007 2322 corrigi
1021 2234 1142 2319 possint
1156 2256 1277 2298 errores
1292 2233 1377 2296 illinc
1388 2234 1451 2296 ori-

152 2340 241 2420 undi,
258 2341 351 2407 labor
365 2343 467 2407 omnis
483 2343 516 2406 in
532 2343 652 2407 caeteris
668 2342 860 2430 corrigendis
884 2341 917 2424 (⁹)
940 2340 1082 2427 imperite
1097 2341 1310 2406 collocabitur.

186 2559 223 2624 (¹)
241 2562 254 2590 ⁸
273 2559 372 2622 Ideiqroe
381 2560 478 2615 divisim,
490 2559 533 2606 dc.
565 2558 628 2606 Nam
639 2573 695 2605 cum
706 2556 736 2605 sit
747 2561 786 2620 (ex
819 2556 920 2620 qualiter
929 2553 1074 2619 colliguntur
1084 2571 1099 2604 s
1108 2554 1168 2602 vitro
1178 2553 1275 2611 oculari,
1294 2552 1339 2601 nisi
1349 2554 1400 2618 ejus
1414 2555 1451 2603 io-

152 2623 328 2684 demoustratia)
343 2624 371 2672 M
385 2642 390 2670 :
408 2623 431 2670 N
442 2641 477 2668 =
492 2623 512 2670 C
526 2623 548 2670 E
560 2623 593 2687 -i-
606 2624 628 2671 B
639 2624 662 2670 G
671 2649 704 2660 -
715 2622 734 2670 F
745 2623 784 2670 li:
819 2638 862 2670 sus
871 2621 930 2669 adeo
940 2631 1044 2669 remotus
1052 2621 1084 2668 sit
1093 2629 1121 2667 ut
1131 2619 1279 2667 intervallum
1298 2620 1359 2666 inter
1375 2619 1451 2667 diser.

154 2690 176 2738 C
188 2688 212 2736 F.
224 2715 255 2727 -
269 2688 289 2736 F
302 2690 363 2736 S=
378 2689 398 2736 C
411 2688 434 2735 E
492 2687 514 2735 B
528 2688 551 2734 G
563 2705 569 2734 t
586 2688 606 2735 C
620 2687 650 2740 E.
669 2686 713 2734 erit
729 2686 788 2735 diri·
820 2702 857 2733 sas
874 2686 927 2734 illas
944 2684 1058 2747 imagines
1074 2685 1125 2747 ejus
1141 2693 1246 2744 respectu
1266 2694 1393 2740 evanescat,
1409 2684 1451 2732 sed

151 2753 196 2801 sim
210 2753 240 2801 Μ
252 2771 259 2802 s
274 2753 342 2802 N:
357 2753 377 2801 F
390 2753 431 2800 li:
479 2752 503 2799 S.
819 2760 929 2798 manente
939 2749 1002 2797 lente
1012 2749 1132 2813 objectus,
1143 2757 1213 2795 aucto
1223 2747 1276 2795 foco
1287 2748 1356 2795 lentis
1370 2749 1451 2797 arula·

185 2817 217 2882 (⁸)
243 2821 256 2849 ⁸
283 2816 389 2880 Imperiti
408 2819 561 2865 radicabitur.
607 2814 672 2864 Vide
688 2815 789 2876 primam
819 2816 852 2862 ris
862 2813 1003 2862 diminuitur
1012 2813 1037 2860 in
1049 2813 1132 2860 eidem
1143 2813 1232 2860 ratione
1242 2811 1394 2874 amplificatio
1407 2816 1449 2861 cb-

153 2893 244 2945 partem
263 2881 319 2929 Lib·
335 2882 354 2929 l.
368 2882 465 2942 Optices
478 2879 648 2938 Newtoniante,
668 2882 708 2928 ubi
720 2896 784 2944 egre·
816 2879 890 2943 jecti;
906 2879 1006 2941 sicergo
1021 2877 1170 2939 quantumvis
1188 2875 1296 2923 accurati
1312 2875 1450 2941 colligeren-

152 2947 197 3009 giis
208 2945 372 3008 experimentis
382 2956 465 2993 auctor
475 2945 640 2992 demonstrauit
659 2945 735 2993 radios
751 2943 787 2992 di·
820 2956 860 2991 tur
869 2943 928 2991 radii
939 2958 981 3004 per
991 2942 1109 3005 objectiva
1120 2940 1189 2988 lentis
1199 2940 1307 3005 figuranp
1324 2941 1374 2989 hac
1384 2941 1450 2990 foco-

152 3011 212 3059 sarsi
234 3011 318 3058 coloris
340 3026 390 3058 ease
411 3011 481 3057 etiam
505 3008 594 3056 diverse
613 3009 788 3072 refrangibiles;
821 3023 874 3055 rum
904 3005 1064 3068 multiplicitas
1086 3005 1222 3067 neutiquam
1250 3007 1380 3067 corrigetur
1405 3006 1449 3053 nisi

152 3075 216 3124 unde
227 3075 255 3123 iit
266 3086 292 3122 ut
303 3075 372 3122 iocus
389 3074 457 3122 lentis
473 3074 593 3137 objectiva
609 3073 787 3134 teleacopiorum
819 3071 942 3133 &spendio
952 3069 1138 3132 amplificationis
1155 3069 1251 3133 objecti:
1274 3068 1335 3117 Hac
1348 3070 1449 3118 Theoria

153 3139 189 3202 (in
201 3156 249 3202 quo
260 3140 286 3187 fit
297 3141 442 3202 objectorum
453 3139 532 3201 imago
550 3154 604 3200 qua
620 3147 684 3186 uans
701 3138 787 3185 vitrum
820 3137 964 3186 Newtonum
982 3135 1012 3184 sd
1029 3134 1186 3183 intentionem
1200 3133 1389 3194 Telescopicrum
1402 3135 1447 3183 Ca-

151 3204 247 3252 oeularc
259 3204 386 3266 spectatur)
399 3205 488 3251 nonsit
501 3203 592 3260 unicus,
613 3202 653 3249 sed
673 3202 740 3249 iocus
751 3217 788 3249 ra-
819 3202 971 3262 toptricorum
982 3198 1087 3256 deduxit,
1098 3214 1152 3262 qua·
1165 3197 1234 3259 Prop.
1249 3203 1271 3246 t.
1282 3209 1306 3246 et
1317 3205 1339 3246 8.
1355 3198 1407 3246 Lib.
1425 3205 1445 3246 l.

151 3266 245 3317 diorum
257 3269 413 3316 violaceorum
424 3267 591 3315 remotissimus
607 3266 637 3314 sit
647 3269 677 3314 ab
687 3267 783 3324 oculari,
820 3266 916 3325 Optices
926 3267 956 3313 ab
973 3265 1023 3326 ipso
1042 3263 1194 3325 explicantur,
1214 3272 1239 3310 et
1255 3279 1309 3327 quse
1327 3279 1383 3311 cum
1403 3265 1446 3311 levi

150 3332 221 3381 iocus
241 3333 360 3381 radiorum
382 3335 506 3381 rubrorum
529 3332 560 3380 sit
580 3332 707 3393 prosimus,
725 3331 784 3378 radii
817 3329 949 3380 mutatione
958 3329 984 3377 ia
996 3343 1066 3378 usum
1077 3326 1294 3377 communissimum
1307 3328 1396 3376 tenire.

153 3408 208 3462 wgo
220 3413 248 3447 es
260 3397 308 3446 illis
318 3397 386 3446 variis
400 3397 543 3462 imaginibus
558 3398 709 3460 procedentes
727 3396 783 3443 iaa-
