3202 5446
175 479 238 538 850
475 472 817 542 PHILOSOPHIAE
841 474 1113 542 NATURALIS
1179 477 1290 558 [Mor.
1308 477 1459 553 Conana.

170 667 281 730 squam
297 652 419 710 sursum
433 646 467 709 in
481 649 654 712 octantibus
669 660 741 713 ante
755 650 904 736 syzygias,
920 671 957 715 ac
971 649 1117 714 desinunt
1132 649 1255 716 trahere
1266 674 1382 738 aquam
1391 674 1459 719 strr·

169 773 239 814 sum
255 753 469 838 incipiuntque
484 753 609 818 trabere
624 777 737 840 aquam
752 755 899 819 deorsum
913 757 947 818 in
961 757 1135 821 octantibus
1150 770 1222 841 post
1237 758 1387 846 syzygias.
1418 757 1461 824 Et

170 858 243 923 inde
257 861 395 923 maxima
410 883 500 946 aquae
515 860 646 925 altitudo
661 863 785 926 evenire
799 875 903 946 potest
917 863 949 925 in
965 863 1140 927 octantibus
1160 877 1233 947 post
1254 865 1407 952 syzygias,
1428 878 1461 930 et

168 967 296 1032 minima
311 969 344 1031 in
359 969 533 1034 octantibus
548 983 620 1054 post
634 971 838 1056 quadraturas
861 970 1002 1047 circiter3
1024 971 1085 1033 nisi
1107 970 1261 1055 quitenus
1284 992 1389 1038 manus
1411 994 1458 1037 aa·

167 1077 320 1141 condendi
335 1078 384 1142 vel
400 1077 609 1142 descendendi
630 1080 670 1142 ab
691 1078 741 1143 bis
767 1078 882 1142 viribus
904 1078 1072 1162 impressus
1093 1077 1143 1141 vel
1164 1100 1221 1162 per
1246 1079 1310 1141 vim
1332 1079 1455 1144 insitam

167 1209 258 1272 aquae
272 1187 367 1271 paulo
381 1185 497 1251 diutius
518 1200 705 1272 perseveret,
721 1188 769 1251 vel
784 1210 842 1272 per
856 1187 1080 1271 impedimenta
1093 1186 1172 1250 alvei
1187 1186 1283 1272 pauld
1297 1188 1389 1254 citius
1402 1189 1458 1255 sis·

167 1307 260 1360 tatur.

160 1480 163 1487 .
211 1405 308 1468 Corol.
325 1413 375 1468 al.
399 1405 521 1470 Eidem
536 1406 665 1484 ratione,
681 1406 743 1491 qud
758 1404 887 1469 materia
907 1403 994 1491 globi
1012 1405 1104 1489 juxta
1127 1415 1319 1490 aequatorem
1342 1405 1456 1471 radun·

165 1510 243 1575 dans
258 1513 351 1577 efficit
364 1526 400 1579 ut
413 1515 489 1579 nodi
504 1515 730 1602 regrediantur,
747 1527 841 1599 atque
863 1512 936 1576 ideo
957 1535 1015 1596 per
1037 1511 1130 1597 hujus
1152 1512 1382 1577 incrementum
1402 1538 1455 1579 au-

163 1633 255 1705 getur
270 1621 328 1685 iste
343 1645 513 1710 regressus,
528 1645 585 1708 per
600 1623 837 1687 diminutionem
853 1620 928 1684 verb
938 1621 1133 1697 diminuitur,
1150 1633 1181 1685 et
1195 1643 1253 1704 per
1267 1622 1454 1688 ablationem

162 1726 301 1806 tollitur3
325 1729 360 1815 (²)
375 1730 402 1794 si
416 1731 547 1794 materia
559 1731 725 1817 plusquam
740 1728 919 1794 redundans
931 1727 1067 1806 tollatur,
1080 1728 1140 1792 hoc
1151 1742 1199 1793 est
1207 1733 1232 1793 si
1243 1729 1358 1817 globus
1364 1733 1454 1817 juxta

161 1850 351 1923 aquatorem
366 1839 415 1904 vel
430 1839 608 1925 depressior
621 1839 781 1916 reddatur,
798 1836 846 1900 vel
862 1837 962 1900 rarior
983 1858 1078 1922 quam
1094 1838 1188 1922 juxta
1209 1838 1312 1922 polos,
1338 1839 1454 1905 orietur

160 1957 264 2008 motus
279 1945 434 2009 nodorum
450 1947 482 2009 in
498 1947 727 2033 consequentia.

205 2052 304 2115 Corol.
320 2059 371 2115 22.
396 2051 439 2115 Et
456 2051 530 2116 inde
552 2053 697 2128 vicissim,
725 2073 766 2116 ex
790 2063 878 2114 motu
904 2048 1061 2114 nodorum
1084 2050 1250 2115 innotescit
1273 2051 1454 2118 constitutio

157 2154 254 2243 globi.
300 2157 457 2221 Nimirum
477 2158 503 2220 si
517 2157 629 2244 globus
643 2158 734 2242 polos
749 2157 876 2222 eosdem
898 2168 1078 2220 constanter
1101 2171 1214 2234 servat,
1234 2173 1267 2222 et
1289 2171 1396 2225 motus
1417 2159 1454 2224 tt

158 2262 192 2326 in
208 2262 432 2339 antecedentia,
449 2264 680 2349 materiajuxta
701 2277 892 2349 aequatorem
916 2262 1090 2339 redundat;
1113 2265 1140 2326 si
1163 2264 1195 2327 in
1219 2267 1453 2351 consequantu,

157 2371 274 2436 deficit.
320 2372 408 2436 Pone
423 2371 551 2459 globum
567 2371 753 2435 uniformem
768 2370 949 2455 etperfecte
964 2371 1147 2434 circinatum
1168 2372 1201 2434 in
1224 2373 1333 2456 spatiis
1347 2373 1452 2439 libetis

156 2480 261 2563 primo
276 2480 457 2567 quiescere3
480 2479 553 2544 dein
576 2480 693 2564 impetu
720 2501 906 2566 quocunque
930 2480 1056 2566 oblique
1082 2481 1115 2543 in
1141 2483 1339 2566 superficiem
1365 2506 1451 2550 suam

155 2586 240 2651 facto
255 2588 398 2674 propelli,
415 2601 447 2653 et
461 2603 580 2653 motum
595 2589 668 2654 inde
690 2589 853 2673 concipere
871 2590 910 2673 (¹¹)
926 2591 1041 2673 partim
1065 2590 1257 2669 circularem,
1282 2594 1399 2677 partim
1419 2594 1451 2658 in

155 2695 319 2761 directum.
366 2697 524 2774 Quoniam
539 2699 651 2786 globus
666 2699 724 2761 iste
740 2697 780 2760 ad
795 2680 870 2761 aies
885 2718 993 2760 omnes
1008 2719 1067 2781 per
1088 2710 1229 2761 centrum
1251 2721 1345 2763 suum
1367 2715 1450 2765 tran·

154 2817 278 2869 seuntes
295 2804 506 2870 indifferenter
514 2830 548 2871 se
559 2805 663 2883 habet,
676 2826 778 2888 neque
788 2803 976 2887 propensior
986 2817 1034 2868 est
1044 2803 1185 2867 inunum
1197 2828 1301 2883 axem,
1313 2829 1450 2873 unumve

154 2912 221 2976 axis
234 2913 336 2989 situm,
350 2913 390 2997 (¹)
401 2935 494 2997 quarn
504 2914 536 2976 in
548 2912 643 2976 alium
655 2911 812 2998 quemvis3
829 2911 1029 2994 perspicuum
1041 2925 1098 2989 est,
1111 2910 1196 2996 quod
1208 2912 1234 2974 is
1246 2935 1339 2977 axem
1349 2937 1447 2992 suum,

153 3019 283 3104 axisque
298 3018 531 3084 inclinationem
545 3021 576 3083 vi
598 3017 724 3103 propriis
747 3039 908 3103 nunqnam
932 3016 1074 3080 mutabit.
1119 3019 1158 3097 (³)
1183 3018 1368 3102 Impeliatur
1382 3023 1446 3107 jam

152 3127 264 3215 globus
279 3127 413 3213 oblique,
431 3128 463 3190 in
480 3127 590 3192 eidem
605 3127 659 3191 illd
677 3124 854 3211 superficiei
876 3137 977 3208 parte,
1004 3123 1065 3210 qud
1089 3125 1186 3208 prius,
1213 3126 1352 3210 impulsu
1374 3150 1447 3214 qao·

152 3260 275 3323 cunque
289 3260 390 3314 novo;
413 3251 445 3302 et
460 3236 533 3308 crim
547 3238 637 3301 citior
653 3235 702 3300 vel
717 3236 816 3299 serior
831 3233 985 3318 impulsus
999 3233 1144 3297 effectum
1158 3233 1203 3297 nil
1217 3248 1326 3314 mutet,
1349 3237 1447 3302 mani·

151 3429 260 3476 marimo
271 3428 331 3475 inter
341 3429 390 3476 bar
400 3438 487 3489 puncta
498 3426 601 3474 incidant
612 3424 660 3474 ferd
671 3424 731 3472 ciret
739 3439 779 3471 oc·
847 3420 882 3485 (Υ)
901 3423 915 3450 ⁰
932 3420 1128 3483 Imperararjam
1137 3424 1214 3481 globus
1224 3422 1316 3485 obliqui,
1332 3425 1359 3474 t'tt
1368 3423 1444 3475 dh

154 3503 237 3540 tentes.
811 3486 851 3535 itta
863 3488 990 3550 superficiei
999 3495 1067 3545 pone
1080 3486 1102 3532 B
1114 3486 1161 3548 qud
1169 3486 1243 3546 ,ntra
1254 3487 1297 3533 &a

183 3557 216 3619 (t)
234 3561 248 3585 '
266 3560 290 3605 Si
300 3560 393 3604 materia
401 3561 525 3618 priusquam
535 3551 775 3606 redundanttollntur,

150 3636 192 3668 aett
211 3621 342 3667 aimateria
359 3621 491 3667 redundans
508 3621 615 3682 negativa
633 3620 679 3672 liat,
699 3627 778 3664 motus

151 3685 265 3732 nodorum
276 3685 317 3746 qui
327 3697 376 3731 etat
387 3684 412 3731 in
420 3684 586 3739 antecedentia,
596 3683 716 3746 negatisne
724 3696 777 3728 eva·

150 3748 198 3805 det,
209 3750 254 3795 boe
264 3760 307 3805 eat,
323 3749 411 3796 orietur
426 3758 504 3794 motus
520 3748 635 3795 nodorum
654 3748 679 3794 in
696 3760 777 3792 waso-

149 3813 251 3875 quentia

182 3877 217 3939 (⁸)
236 3881 248 3906 ⁰
268 3879 356 3925 Partim
373 3878 515 3930 circadarum.
524 3878 610 3937 panim
620 3879 645 3924 in
658 3878 778 3924 &redum

151 3939 196 3986 va
209 3943 231 3987 Α
245 3941 267 3988 Β
279 3941 325 4002 qui
336 3940 421 4004 globus
434 3941 455 3987 B
469 3941 492 3986 Χ
508 3941 526 3986 Z
537 3939 630 4001 obliquis
641 3939 774 3998 impellitur.

149 4004 279 4051 seeundum
290 4003 441 4052 directionem
454 4005 475 4050 Δ
491 4004 518 4057 Β,
531 4004 556 4049 in
567 4003 626 4050 duaa
636 4003 695 4050 vires
705 4003 777 4049 resol-

149 4068 217 4123 vitur,
229 4083 328 4130 quarum
339 4068 410 4114 altera
423 4066 453 4114 ad
469 4078 574 4114 rentmm
595 4069 614 4114 C
628 4069 698 4130 justa
714 4067 776 4113 radi·

149 4147 190 4177 um
204 4133 225 4178 B
240 4132 385 4193 Cdirigitur,
402 4132 423 4179 ei
435 4143 525 4178 motum
541 4131 627 4193 globi
620 4146 645 4178 rn
661 4130 774 4177 dimotum

149 4196 264 4255 producit,
276 4196 348 4242 altera
358 4195 486 4243 atmodum
498 4206 633 4257 tangentem
644 4195 664 4242 B
675 4195 700 4241 D
711 4194 780 4264 radio

151 4260 174 4306 B
187 4261 207 4305 C
218 4274 248 4305 nu
249 4260 345 4306 annalem
356 4261 413 4321 agit.
430 4270 453 4306 et
471 4269 562 4305 motum
581 4259 700 4305 rotationis
715 4237 780 4305 circi

148 4322 774 4434 nugmpamaanxcpapeaaeuumm

148 4386 249 4514 d(¹)·
278 4453 624 4514 Qumiadiaasqaemoits
650 4458 775 4512 antequam

150 4525 228 4562 motus
238 4515 391 4575 imprimatur.
402 4515 550 4576 perspicuum
561 4525 596 4561 eat
606 4514 686 4576 quod*
680 4529 699 4560 ta
707 4528 774 4561 areta

148 4594 220 4626 artum
230 4579 348 4627 matianis
355 4579 450 4641 axisque
457 4577 774 4638 inclinationemadplanum
873 4624 881 4637 ,

148 4642 774 4756 mpoaitioasdaarmeipsopriinunquam
