3202 5446
152 435 189 492 12
483 421 837 489 PHILOSOPHIAE'
850 421 1121 489 NATURALIS
1259 422 1448 500 [Dsrmrr.

149 625 184 676 ut
197 612 273 676 situs
287 610 432 676 relativus
452 621 660 687 conservetm,
681 610 911 674 conservabitur
931 610 1040 674 relatio
1059 612 1091 674 in
1109 609 1168 697 qui
1180 621 1283 673 motus
1302 609 1451 675 relatirm

148 720 295 783 consistit.
328 717 449 784 Mutari
460 717 556 805 igitur
574 728 677 801 potest
692 731 793 780 motus
807 719 906 780 omnis
917 718 1062 782 relativus
1071 719 1125 783 ubi
1134 740 1225 782 verus
1233 733 1448 797 conservatur,

149 839 181 891 et
202 826 378 890 conservari
392 825 446 889 ubi
469 845 560 887 verus
584 834 738 900 mutatur3
772 836 804 888 et
816 836 983 909 propterea
1004 837 1107 888 motus
1125 847 1217 888 verus
1239 825 1272 887 in
1296 826 1449 910 ejusmodi

149 932 351 998 relationibus
365 933 493 996 minime
508 931 655 995 consistit.
1443 1004 1447 1015 Ι

193 1040 458 1125 Effectus,quibus
472 1051 575 1102 motus
585 1038 718 1102 absoluti
733 1048 764 1102 et
777 1038 897 1102 relativi
911 1039 1145 1126 distinguuntur
1160 1038 1359 1118 abinvicem,
1376 1051 1450 1103 sunt

150 1149 228 1210 vires
240 1147 405 1211 recedendi
420 1147 460 1211 ab
479 1168 541 1210 axe
559 1156 663 1209 motus
681 1145 848 1210 circularis.
872 1146 910 1231 (⁰)
933 1146 1018 1210 Nam
1037 1146 1070 1208 iu
1092 1158 1181 1209 motu
1204 1146 1348 1210 circulari
1362 1147 1449 1213 nude

149 1257 278 1320 relativo
292 1255 344 1319 hae
357 1256 437 1319 vires
451 1255 547 1318 nullae
561 1265 641 1331 sunt,
658 1255 691 1317 in
706 1277 780 1317 vero
795 1266 897 1317 autem
912 1265 944 1317 et
957 1253 1099 1317 absoluto
1107 1255 1239 1339 majores
1253 1253 1449 1319 velminorcs

149 1385 208 1448 pro
219 1364 390 1449 quantitate
400 1375 512 1426 motus.
545 1363 579 1428 Si
590 1361 724 1446 pendeat
735 1361 919 1424 situlaafilc
931 1361 1102 1448 praelongo‚
1112 1372 1284 1449 agaturque
1295 1360 1449 1446 perpetui

148 1472 181 1533 in
197 1471 315 1548 orbem,
342 1469 442 1533 donec
456 1469 545 1533 filum
569 1493 588 1533 a
612 1469 807 1533 contorsione
822 1468 990 1532 admodum
1016 1470 1157 1556 rigescat,
1184 1468 1258 1532 dein
1280 1469 1450 1553 impleatur

149 1577 239 1664 aqui,
253 1590 284 1642 et
297 1575 361 1641 und
375 1600 445 1640 cnm
461 1577 541 1663 aqui
556 1577 710 1664 quiescat3
734 1588 801 1639 tum
815 1577 845 1638 vi
857 1574 958 1661 aliqui
973 1575 1132 1639 subitanei
1147 1587 1258 1663 agatur
1272 1588 1360 1639 motu
1370 1599 1449 1640 oon·

149 1686 246 1749 trario
266 1685 298 1747 in
321 1684 440 1762 orbem,
456 1695 488 1747 et
501 1684 556 1746 filo
581 1706 614 1746 se
634 1683 802 1761 relaxante,
826 1682 942 1746 diutius
964 1693 1140 1766 perseveret
1153 1682 1187 1745 in
1201 1681 1263 1746 hoc
1276 1695 1385 1760 motu3
1409 1683 1448 1769 (Ρ)

149 1792 325 1877 superficies
340 1814 429 1877 aquae
443 1791 501 1854 sub
512 1791 600 1854 initio
614 1791 708 1875 plana
722 1791 789 1868 erit,
806 1789 1069 1877 quemadmodum
1083 1802 1156 1853 ante
1168 1800 1290 1853 motum
1303 1791 1400 1855 vasis:
1417 1804 1450 1855 at

148 1912 313 1986 postquam
327 1920 389 1976 vas,
414 1899 445 1960 vi
459 1899 493 1961 in
507 1920 619 1984 aquam
627 1898 777 1982 paulatim
791 1896 949 1980 impressi,
971 1897 1072 1960 effecit
1086 1908 1121 1960 ut
1134 1897 1203 1961 baec
1217 1920 1341 1984 quoque
1352 1899 1450 1962 sensi·

149 2008 251 2072 biliter
272 2007 388 2070 revolvi
402 2006 546 2089 incipiat3
569 2005 693 2068 recedet
707 2006 774 2088 ipsa
786 2005 936 2088 paulatim
949 2027 969 2067 a
982 2003 1097 2081 medio,
1120 2004 1325 2091 ascendetque
1339 2005 1380 2069 ad
1402 2006 1449 2071 la·-
1494 2037 1497 2045 ·

149 2128 216 2180 tera
226 2115 314 2191 unsis,
327 2113 460 2200 figuram
471 2134 639 2175 concavam
653 2111 794 2188 induens,
819 2117 867 2196 (ut
881 2111 947 2195 ipse
961 2126 1107 2195 expertus
1121 2113 1202 2194 sum)
1228 2126 1260 2177 et
1274 2113 1450 2179 incitatiore

149 2245 270 2306 semper
284 2231 372 2283 motu
386 2218 532 2282 ascendet
545 2219 643 2305 magis
657 2231 688 2282 et
702 2219 810 2305 magis,
826 2217 927 2281 donec
936 2218 1142 2284 revolutiones
1150 2221 1183 2284 in
1194 2220 1365 2307 requalrbus
1375 2244 1449 2287 cum

150 2352 221 2392 vase
234 2327 425 2411 temporibus
443 2325 632 2413 peragendo,
654 2326 791 2411 quiescat
804 2326 837 2388 in
864 2325 974 2390 eodem
988 2326 1123 2392 relative.
1177 2327 1300 2394 Iudicat
1321 2328 1374 2393 hic
1399 2353 1450 2395 as·

150 2457 259 2500 census
274 2446 420 2497 conanum
434 2431 599 2496 recedendi
614 2433 654 2497 ab
668 2455 728 2496 axe
742 2445 853 2511 motus,
877 2444 909 2497 et
922 2456 980 2518 per
994 2433 1088 2498 talem
1114 2448 1260 2499 conatum
1279 2436 1448 2501 innotescit

149 2555 183 2607 et
195 2552 392 2605 mensuratur
405 2552 508 2603 motus
522 2562 612 2625 aquae
634 2539 792 2604 circularis
806 2563 897 2604 verus
919 2555 950 2605 ct
973 2541 1140 2621 absolutus,
1167 2543 1328 2629 motuique
1342 2543 1449 2607 relati·

150 2675 190 2714 ιο
204 2651 255 2715 hic
269 2649 399 2714 omnino
413 2648 594 2714 contrarius.
640 2648 744 2726 Initio,
757 2648 812 2712 ubi
826 2649 980 2712 maximus
994 2662 1161 2735 arataquoe
1179 2662 1283 2714 motus
1302 2649 1451 2716 relativus

150 2759 182 2822 in
196 2782 277 2836 ruse,
293 2769 396 2821 motus
410 2756 462 2820 ille
476 2756 597 2820 nullum
616 2756 772 2821 excitabat
786 2768 932 2820 conatum
946 2755 1112 2820 recedendi
1137 2757 1177 2822 ab
1191 2780 1264 2822 axe:
1288 2780 1370 2844 aqua
1384 2780 1450 2823 non

149 2866 275 2951 petebat
288 2864 568 2929 circumferentiam
587 2863 783 2928 ascendendo
802 2863 843 2927 ad
868 2862 966 2926 latera
979 2864 1068 2942 vasis,
1095 2864 1150 2928 sed
1174 2864 1270 2949 plana
1291 2864 1449 2947 manebat,

150 2987 181 3037 et
191 2986 357 3059 propterea
367 2973 448 3036 illius
462 2995 553 3036 venis
563 2984 667 3035 motus
681 2971 838 3034 circularis
857 2970 1000 3033 nondum
1015 2970 1182 3055 inceperat
1233 2971 1347 3037 Postea
1360 2995 1449 3052 vero,

149 3082 204 3146 ubi
218 3105 309 3168 aquae
327 3096 430 3145 motus
452 3081 596 3145 relativus
610 3080 756 3156 decrevit,
777 3101 920 3142 ascensus
938 3080 1003 3162 ejus
1017 3078 1058 3142 ad
1081 3078 1179 3142 latera
1192 3080 1271 3143 vasis
1290 3079 1452 3146 indicabat

150 3202 297 3256 conatum
316 3188 483 3253 recedendi
501 3189 542 3252 ab
561 3210 639 3264 axe;
667 3200 760 3272 atquo
779 3186 830 3249 hic
850 3199 980 3249 conatus
1003 3187 1195 3251 monstrabat
1222 3200 1343 3251 motum
1365 3189 1451 3255 illius

149 3296 332 3361 cuculnrem
347 3319 454 3360 verum
469 3309 620 3380 perpetuo
640 3306 838 3372 crescentem,
854 3316 891 3357 ac
911 3292 1037 3357 tandem
1060 3295 1232 3358 maximum
1254 3294 1372 3359 facturn
1394 3296 1452 3362 ubi

149 3427 231 3491 aqua
245 3404 421 3490 quiescebat
435 3405 468 3466 in
483 3426 553 3467 vase
568 3401 704 3466 relativi.
748 3402 858 3478 Quare
869 3414 997 3465 conatus
1010 3402 1065 3464 iste
1074 3424 1138 3465 non
1152 3401 1270 3486 pendet
1283 3426 1303 3467 a
1317 3405 1451 3469 transla-

150 3513 235 3575 tione
254 3534 344 3597 aquoe
359 3524 500 3595 respectu
516 3532 682 3594 corponun
698 3509 911 3586 ambientium,
936 3521 967 3571 et
986 3522 1152 3593 propterea
1165 3522 1269 3573 motus
1290 3510 1451 3576 cncularia

151 3641 242 3683 verus
263 3642 320 3704 per
334 3619 410 3683 tales
425 3617 638 3682 translationes
653 3616 777 3681 definiri
791 3617 908 3702 nequit
954 3615 1076 3681 Unicus
1086 3629 1133 3680 cst
1146 3618 1287 3702 corporis
1301 3619 1452 3705 cujusque

149 3727 338 3791 revolventis
343 3740 444 3789 motus
453 3725 525 3790 reni
534 3725 701 3802 circularis,
712 3723 837 3788 conatui
846 3723 939 3786 unico
949 3735 1096 3809 tanquam
1105 3725 1238 3815 proprio·
1245 3738 1276 3789 et
1284 3724 1452 3812 adaquato

101 3852 105 3859 ·
150 3833 271 3897 effectui
287 3832 477 3918 respondens
488 3858 496 3896 ι
520 3845 622 3895 motus
633 3844 736 3897 autem
751 3830 870 3894 relativi
885 3851 945 3914 pro
956 3830 1048 3892 variis
1058 3829 1259 3925 relationibus
1267 3831 1309 3897 od
1319 3847 1453 3900 externa

151 3941 305 4005 innumeri
325 3954 410 4017 sunt;
431 3954 462 4004 et
476 3939 662 4003 relationum
681 3939 787 4016 instar,
808 3936 968 4001 effectibus
982 3937 1061 3999 seris
1081 3938 1209 4001 omnino
1226 3926 1449 4020 destituuntur,

149 4048 209 4111 nisi
223 4064 375 4133 quatenus
389 4070 496 4111 serum
512 4046 600 4110 illum
615 4060 647 4110 et
661 4047 787 4109 unicum
796 4059 915 4107 motum
929 4044 1125 4128 participant.
1179 4034 1315 4112 Undect
1324 4024 1451 4135 iri'Sys-

151 4169 263 4220 temate
277 4179 386 4220 eorum
397 4158 451 4243 qui
464 4158 569 4221 Coelos
580 4171 702 4221 nostros
716 4156 797 4220 infra
813 4156 919 4220 Coelos
935 4156 1084 4220 Fixarum
1098 4157 1131 4218 in
1140 4157 1248 4222 orbem
1263 4160 1379 4224 resolvi
1394 4183 1451 4225 ro·

150 4342 217 4388 muni
228 4341 356 4389 &mane
370 4344 493 4404 maspiter.
510 4343 622 4392 dissero
637 4345 721 4406 stripe
732 4361 785 4406 prr·
816 4344 951 4410 quimrrdi
969 4356 1030 4391 meu
1055 4360 1199 4405 posueram
1223 4349 1318 4401 nitatur.
1344 4350 1369 4397 in
1396 4368 1451 4400 earn

150 4404 313 4467 pandiculans.
333 4418 443 4470 tuncque.
463 4425 492 4456 er
572 4410 601 4455 lis
615 4409 785 4456 infridemon·
818 4410 911 4455 morrisi
933 4408 1049 4471 gradatim
1067 4421 1090 4456 er
1109 4414 1282 4472 percepturam
1301 4413 1402 4462 laterum
1419 4417 1453 4464 ri-

149 4470 256 4523 modis
268 4470 379 4518 fecium&
390 4472 536 4520 invenieturt
590 4474 696 4521 abnlun
707 4486 785 4521 ιιιιιιε
818 4474 875 4520 tul:
885 4474 1017 4519 frictiotmm
1028 4486 1106 4520 motus
1116 4475 1235 4522 cinctam
1250 4478 1348 4524 moure
1358 4491 1452 4542 potescg

150 4533 261 4587 celeritas.
279 4533 331 4580 turn
343 4535 406 4582 illius
416 4553 470 4583 sera
480 4538 584 4584 directio
818 4538 923 4601 sorsque
933 4539 978 4583 sub
989 4538 1055 4584 initio
1062 4539 1139 4585 ιιιοιιιε
1151 4540 1235 4593 situla,
1250 4551 1298 4589 tota
1314 4558 1452 4605 ηιιειιια.

183 4600 222 4660 (⁰)
239 4604 278 4646 m
294 4598 324 4646 lu
333 4601 513 4648 motucirmlari
524 4601 698 4653 oudinlariso.
710 4601 734 4648 id
741 4616 784 4657 ess,
817 4619 843 4649 sa
853 4601 950 4663 quieuit
961 4601 1071 4651 uersuta
1083 4604 1132 4649 sir-r
1142 4604 1206 4666 quod
1217 4604 1279 4652 idern
1294 4617 1335 4660 cst.
1347 4610 1452 4659 mimi

151 4665 174 4707 in
187 4663 265 4725 quiete
280 4663 387 4710 abmluti
403 4666 506 4724 turperis
524 4666 610 4717 inertis
630 4667 695 4728 quod
718 4679 786 4713 motu
818 4667 939 4712 velocitate
950 4666 1013 4713 nudi·
1025 4667 1118 4713 relatiri
1129 4669 1154 4713 in
1166 4683 1218 4715 vase
1230 4670 1369 4730 res·olritur;
1386 4675 1452 4723 ιιιιὸὲ

151 4727 267 4775 dunum
290 4726 387 4775 relativo
408 4740 523 4776 morsum
538 4730 598 4777 sires
618 4731 700 4778 sarira
715 4731 788 4778 nau·
819 4730 1123 4778 datituraoruniriartiri
1143 4734 1269 4794 (utusicur
1287 4734 1342 4783 aare
1357 4750 1452 4787 motum

151 4804 214 4838 auor.
820 4794 904 4845 situla.
916 4794 986 4855 plum
995 4808 1019 4842 ct
1031 4796 1112 4857 quim
1121 4808 1208 4844 man«.
1242 4798 1354 4847 Sedcrun
1367 4801 1453 4852 imavo

181 4859 220 4914 (c)
238 4861 277 4904 st.
304 4856 440 4921 Crmqm
456 4856 480 4903 ri
494 4857 635 4924 inerim)
663 4863 688 4909 io
705 4859 788 4907 eodm
820 4857 921 4906 lucrm
933 4859 1109 4921 rnisirrqulsu.
1122 4862 1453 4930 mdnulu'ndaquni
