3188 5444
181 503 243 562 658
498 491 841 558 PHILOSOPHIAE
864 492 1141 560 NATURALIS
1188 495 1308 575 [Mor.
1326 497 1469 572 Concor,

737 779 920 849 LEMMA
941 781 982 844 V.

166 964 203 1028 Si
220 965 383 1048 cylindrus,
399 962 517 1042 splaera
533 969 563 1022 et
577 959 731 1040 spiiaerois,
749 977 872 1040 quornm
886 957 1063 1018 utituuines
1076 963 1147 1018 sunt
1162 958 1315 1039 oeqicolen
1336 960 1371 1020 in
1383 960 1468 1021 medic

208 1075 325 1138 canalis
347 1072 509 1157 cylindrici
528 1073 574 1133 ita
593 1071 727 1133 noento
747 1064 905 1132 concessive*
924 1077 959 1130 ut
977 1088 1077 1130 cmm
1098 1088 1175 1130 aces
1196 1089 1268 1149 cum
1290 1090 1351 1131 cxc
1363 1072 1466 1134 matt

208 1183 403 1246 coincidunt:
417 1180 481 1242 icccc
491 1179 745 1265 corporofhccnm
755 1198 843 1262 oquoe
850 1199 911 1260 per
924 1178 1059 1240 canalem
1073 1179 1252 1260 ccqriolitcr⁴
1260 1179 1427 1260 impedient.

210 1377 247 1462 (²)
265 1376 349 1440 Nam
369 1374 469 1459 spatia
490 1375 573 1438 inter
594 1361 735 1438 canalem
750 1385 782 1438 et
797 1371 983 1460 cylindrum,
1006 1369 1180 1455 sphaerssms
1204 1383 1240 1434 θῐ
1266 1369 1461 1456 Sphlffflffl

164 1506 221 1569 per
236 1507 307 1571 qnae
321 1508 403 1572 aqua
416 1484 536 1561 transit,
560 1495 634 1548 sunt
648 1483 798 1571 oequelia:
822 1496 854 1547 et
867 1504 949 1568 aqua
962 1503 1020 1567 per
1034 1481 1171 1567 oequalia
1186 1482 1300 1566 spatia
1314 1483 1459 1570 equaliter

165 1594 285 1657 transit.

215 1699 299 1764 Haec
314 1699 358 1763 ita
372 1722 405 1763 se
420 1697 539 1763 habent
559 1721 601 1762 ex
621 1696 800 1784 hypothesi,
827 1695 912 1782 quod
937 1718 1019 1790 aqna
1039 1694 1144 1758 omnis
1168 1717 1276 1780 supra
1302 1695 1461 1783 cylindrum

164 1807 319 1892 sphaeram
334 1807 383 1871 vel
394 1806 608 1892 sphaeroidem
623 1806 814 1894 congelatur,
838 1806 926 1890 cujus
939 1804 1074 1870 fluiditas
1090 1804 1131 1868 ad
1148 1805 1360 1871 celerrimum
1381 1828 1460 1893 aqu

164 1917 404 1995 transitumnon
421 1914 598 2002 requiritur,
617 1928 653 1979 ut
667 1917 699 1978 in
717 1912 824 1978 Corol.
841 1920 871 1982 7.
889 1913 984 1996 Prop.
1003 1911 1177 1976 XXXVI.
1194 1913 1352 1999 explicui.

685 2166 861 2232 LEMMA
884 2167 942 2231 VI.

162 2343 273 2406 Iisdem
287 2342 407 2423 positis,
430 2361 557 2422 corporo
572 2341 723 2421 prodictu
744 2340 903 2422 aqualiter
923 2347 1070 2422 urgentur
1089 2339 1130 2400 ab
1152 2338 1243 2422 σιμά
1258 2362 1322 2422 per
1336 2343 1453 2404 canole·

739 2446 870 2533 fluente.

207 2616 299 2680 Patet
312 2637 370 2699 per
385 2615 518 2680 Lemma
532 2615 572 2680 V.
588 2628 620 2679 et
632 2628 735 2680 motus
750 2615 853 2703 legem
868 2615 1000 2680 tertiam.
1046 2614 1143 2700 Aqua
1158 2615 1276 2703 utique
1290 2630 1323 2680 et
1337 2637 1453 2702 ωφοῐι

162 2724 196 2787 in
212 2747 245 2788 se
259 2737 370 2788 mutuo
384 2724 546 2811 oequaliter
560 2738 665 2813 agunt

668 2980 842 3046 LEMMA
864 2980 942 3046 VII.

160 3155 195 3217 Si
209 3175 291 3254 oqno
305 3156 435 3237 quiescat
451 3157 484 3218 in
499 3156 613 3230 cunali,
634 3163 664 3216 ei
676 3155 740 3217 lcaec
753 3174 880 3235 corporo
896 3154 929 3215 in
943 3161 1053 3233 partes
1067 3154 1252 3216 contrarias
1266 3154 1379 3238 aequoli
1387 3151 1452 3215 ocio·

212 3265 305 3326 citato
314 3286 373 3346 per
387 3264 695 3348 canolemscrantur:
717 3263 847 3346 aeqnulcs
861 3269 949 3324 ciunt
959 3281 1060 3323 eonem
1074 3261 1268 3324 resistentiae
1278 3263 1360 3325 inter
1371 3283 1407 3324 se.

203 3428 336 3493 Constat
360 3452 400 3493 ex
426 3429 589 3495 Lemmate
612 3428 782 3514 superiore,
812 3449 886 3492 nam
911 3438 1014 3489 motus
1039 3425 1164 3489 relativi
1198 3426 1301 3492 iidem
1331 3429 1405 3490 inter
1422 3444 1449 3487 st

157 3547 294 3600 manent.

723 3759 880 3823 scholium.

198 3929 320 3994 Eadem
334 3940 382 3994 est
395 3928 476 3994 ratio
487 3951 654 4014 corporum
665 3931 805 3995 omnium
815 3952 1027 3996 connexorum
1036 3943 1068 3995 et
1078 3933 1312 4012 rottrndorunt,
1327 3950 1442 4020 quorun

154 4061 230 4105 axes
245 4061 318 4103 cum
333 4062 392 4104 axe
407 4039 523 4104 canalis
538 4041 729 4105 coincidunt,
763 4041 950 4106 Differentia
963 4040 1068 4128 aliqua
1082 4063 1125 4105 ex
1140 4045 1268 4128 majore
1276 4043 1328 4108 vel
1342 4044 1441 4106 minore

153 4149 298 4215 frictione
319 4150 394 4214 oriri
415 4162 536 4234 potest3
563 4151 619 4215 sed
634 4153 666 4215 in
680 4152 729 4217 his
745 4152 917 4218 Lemmatis
932 4174 1067 4236 corpora
1087 4175 1158 4219 esse
1182 4156 1372 4240 politissima
1384 4169 1440 4232 snp-

153 4257 310 4339 ponimus,
334 4269 366 4320 et
386 4257 482 4321 medii
505 4258 703 4322 tenacitatem
718 4272 749 4324 et
764 4258 938 4324 frictionem
955 4282 1023 4324 csse
1045 4259 1180 4340 nullam,
1207 4277 1243 4329 et
1258 4263 1345 4352 quod
1357 4268 1438 4347 pud&

151 4361 250 4439 fluidi,
274 4385 345 4449 quoe
366 4364 502 4428 motibus
518 4365 581 4429 suis
596 4366 731 4452 obliquis
746 4379 778 4430 et
793 4367 957 4451 superfluis
977 4366 1101 4431 fluxum
1125 4391 1225 4456 aquoe
1239 4394 1302 4458 per
1323 4366 1437 4435 mutim

150 4471 343 4555 perturbare,
368 4474 530 4559 impedire,
555 4487 588 4539 et
607 4475 768 4541 retardare
790 4488 933 4562 possunt,
958 4477 1126 4563 quiescant
1139 4479 1231 4545 inter
1254 4505 1290 4546 se
1311 4491 1437 4565 tanqu·m

149 4577 223 4666 gelu
245 4581 431 4657 constrictae,
459 4593 492 4646 et
512 4581 696 4667 corporibus
711 4583 752 4646 ad
767 4583 908 4667 ipsorum
928 4596 1033 4668 partes
1057 4587 1182 4652 anticas
1199 4602 1234 4655 et
1248 4588 1379 4675 postim
1396 4577 1438 4647 ὖ·

180 4749 214 4814 (’)
227 4757 240 4779 ·
255 4752 320 4798 Num
336 4752 409 4812 cyneio
420 4753 592 4801 intereuntem
603 4761 626 4800 ct
636 4761 780 4802 trumwine
812 4764 835 4802 et
845 4756 1025 4816 uptmtucper
1035 4773 1164 4821 quaeque
1177 4764 1277 4820 mm,
1288 4755 1437 4822 susq-5
1463 4774 1470 4792 ·

147 4819 258 4871 sectiones,
267 4816 447 4863 mintucius
453 4819 563 4864 mocimus
571 4819 677 4880 cylindri,
686 4821 781 4880 ipim
816 4818 871 4866 Vid.
882 4818 953 4866 celiel.
967 4834 1075 4881 aqueas
