3188 5444
171 482 229 542 744

219 660 387 711 monne
421 659 559 708 innon.
574 659 682 707 xvnr.
733 622 773 662 ’Ψ

72 746 74 750 ’
153 749 361 810 Sitisoentripeta
380 747 479 796 tendent
495 746 599 809 undique
615 746 645 794 ad
656 745 721 808 globi

183 823 292 862 centrum
305 814 325 861 C
337 813 401 859 sitin
413 813 471 859 locis
485 812 584 874 singuhs
595 821 622 858 ut
632 811 722 857 distan-

183 879 216 926 tia
235 877 281 924 loci
296 878 411 939 cujusquo
427 892 441 923 a
457 885 537 923 centro
548 886 572 923 at
583 873 627 922 hic
639 875 688 922 sold
699 875 722 920 vi

183 953 268 1004 agente
287 956 374 1001 corpus
392 941 415 988 T
433 940 550 1002 oscilletur
570 939 653 1004 (modo
670 939 720 1001 jam

183 1005 309 1065 descripto)
322 1006 347 1050 in
359 1005 482 1064 perimetro
491 1003 602 1065 cycloidis
615 1004 640 1059 Q
651 1004 675 1050 R
688 1004 718 1050 S:

183 1070 237 1116 dito
255 1069 319 1131 quod
335 1068 506 1115 oscillationum
523 1077 644 1130 utcunque
660 1067 719 1114 inra-

183 1133 291 1196 qualium
301 1132 400 1196 teqrutlia
410 1143 479 1180 erunt
489 1142 594 1192 tempora
595 1163 720 1179 ............
737 1136 785 1180 288

203 1242 309 1290 PROP.
325 1241 386 1289 LII.
418 1241 550 1289 PROBL.
565 1241 696 1288 XXXIV.

160 1325 268 1374 Definire
279 1335 303 1372 et
314 1324 446 1372 velocitates
462 1325 620 1384 pendulorttm
631 1326 656 1371 in
667 1325 723 1372 locis

185 1389 285 1452 singulis
301 1399 325 1436 et
340 1400 445 1448 tempora
463 1390 550 1450 quibus
568 1390 723 1438 oscillationes

184 1463 248 1506 totae,
269 1464 321 1500 tum
337 1453 439 1516 singulm
456 1452 628 1500 oscillationum
645 1465 723 1515 partes

185 1527 344 1580 peraguntur..
347 1548 721 1566 ...................................
739 1523 787 1568 290

204 1625 309 1674 PROP.
326 1625 403 1674 LIII.
440 1625 572 1675 PIIOBL.
587 1629 704 1677 XXXV.

155 1711 277 1762 Concessis
287 1712 418 1776 figurarum
429 1713 611 1762 curvilinearum
621 1716 722 1778 quadra·

185 1777 251 1834 turis,
274 1777 379 1824 Invenire
400 1776 461 1824 virts
481 1779 567 1840 quibus
584 1794 681 1840 corpora
696 1781 722 1827 in

184 1841 245 1888 datis
266 1841 344 1888 curvis
364 1841 434 1888 lineis
456 1841 612 1890 oscillationes
633 1859 724 1906 semper

188 1905 323 1952 isochronas
332 1915 452 1969 peragent.
457 1939 722 1958 .........................
740 1914 786 1960 995

202 2012 310 2061 PBOP.
322 2012 393 2061 LIV.
414 2013 546 2063 PROBI..
558 2015 690 2064 XXXVI.

157 2099 281 2147 Concesais
305 2100 435 2163 figurarum
462 2102 644 2150 currilinearum
665 2117 724 2164 qua·

185 2163 294 2223 draturis,
306 2165 412 2212 iavenIre
420 2176 527 2226 tempora
536 2167 725 2229 quibuscorpora

186 2228 209 2274 ri
219 2229 323 2304 quilibet
333 2231 462 2306 ceutripeti
470 2230 495 2276 in
503 2231 571 2278 lineis
578 2231 724 2307 quibuscun-

185 2294 454 2420 &XXXIX
463 2306 724 2408 {millimihi

543 465 673 536 tunna
690 463 1009 517 Pnorosmonunr.

845 660 968 723 gravtam
977 670 1085 709 mm
1098 661 1119 711 c
1131 661 1315 719 morvanum,
1331 672 1389 710 m.
1401 627 1432 666 '⁸

845 741 890 784 pus
909 726 1056 787 periodicum
1074 742 1124 774 esse
1134 727 1165 774 ad
1176 737 1275 787 tempus
1290 727 1388 788 periodi·

844 805 901 836 curn
915 792 1205 856 corporisaltemtrIusR,
1217 793 1281 839 circa
1290 793 1388 840 alterurn

843 854 970 901 Immotum
983 857 1122 919 Sgyrantis,
1140 866 1165 904 et
1175 857 1262 920 figuris
1272 873 1331 919 quas
1338 873 1386 904 tur·

844 933 901 978 pora
909 919 1000 967 circum
1010 936 1035 967 se
1043 920 1130 968 mutuo
1139 920 1278 968 describunt
1287 921 1386 984 figuram

843 983 945 1030 similem
956 995 980 1032 ct
990 985 1106 1046 equalem
1118 984 1281 1042 describentis,
1298 988 1323 1031 in
1335 989 1387 1034 sub-

844 1047 964 1108 duplicatd
984 1053 1073 1096 ratione
1089 1051 1198 1111 corporIs
1208 1050 1305 1098 alterius
1318 1051 1342 1106 S,
1357 1051 1385 1099 al

844 1127 961 1162 summam
972 1128 1097 1174 corporum
1110 1114 1175 1180 8-1-
1191 1115 1382 1163 I’................
1397 1119 1435 1166 stt

877 1240 983 1290 PROP.
998 1241 1057 1290 LX.
1087 1241 1230 1292 THEOR.
1247 1243 1356 1292 XXIII.

814 1343 839 1392 Si
857 1359 955 1404 corpora
969 1343 1018 1392 duo
1036 1345 1093 1394 Set
1111 1346 1142 1403 P,
1161 1347 1255 1394 viribus
1273 1346 1384 1409 quadrato

843 1408 959 1456 distantia
969 1424 1019 1456 sure
1029 1409 1147 1470 reciproca
1163 1412 1384 1471 proportionalibus,

843 1487 869 1519 se
891 1472 976 1520 mutuo
999 1475 1123 1528 trahentia,
1147 1475 1306 1523 revolvuntur
1325 1477 1385 1524 ciros

843 1537 963 1599 gravitatis
973 1547 1081 1584 centrum
1092 1553 1237 1586 commune:
1259 1540 1314 1587 dico
1324 1540 1384 1602 quod

844 1601 952 1662 ellipaeos
967 1616 1039 1663 quam
1055 1616 1141 1662 corpus
1151 1603 1297 1651 alterutrum
1311 1604 1384 1652 Phoc

844 1676 911 1712 motu
921 1666 983 1712 circa
992 1667 1093 1712 alterum
1102 1666 1120 1714 S
1130 1668 1251 1725 describit,
1263 1669 1314 1715 axis
1325 1670 1384 1728 prin-

844 1729 925 1789 cipalis
936 1729 979 1777 erit
990 1729 1019 1776 ad
1030 1745 1099 1776 axem
1111 1730 1268 1791 principalem
1280 1733 1384 1792 ellipsens

843 1809 915 1855 quam
926 1808 1011 1854 corpus
1021 1794 1083 1841 ids-
1095 1795 1187 1842 Pcirca
1195 1796 1299 1842 altemm
1310 1797 1384 1859 quies-

845 1873 900 1904 cens
913 1857 1024 1905 Seodem
1042 1869 1150 1920 ternpore
1165 1860 1289 1920 periodIco
1304 1861 1385 1908 destri-

844 1925 898 1970 bere
908 1930 993 1983 posset,
1004 1932 1032 1970 ut
1043 1938 1138 1970 summa
1148 1938 1277 1984 corporum
1286 1925 1385 1971 duomm

846 1986 907 2051 84-
923 1986 1099 2046 Padprimum
1115 1988 1223 2034 duorum
1239 1989 1384 2050 medidpro·

847 2051 1012 2111 portionalium
1022 2051 1084 2098 inter
1094 2053 1157 2098 banc
1168 2067 1292 2100 summam
1303 2064 1328 2100 et
1336 2069 1384 2100 cor-

845 2131 890 2176 pus
900 2113 961 2162 illud
971 2115 1073 2163 albertini
1085 2117 1110 2164 S.
1112 2148 1384 2166 ........................
1390 2115 1435 2166 Η.

873 2244 979 2293 PROP.
994 2244 1070 2293 LXI.
1105 2245 1251 2294 Timon
1266 2245 1370 2294 XXIV.

816 2348 841 2397 Si
852 2363 948 2409 corpora
958 2349 1008 2397 duo
1018 2348 1106 2396 viribus
1122 2348 1248 2412 quibusvis
1262 2365 1289 2397 se
1302 2347 1383 2396 mucii

186 2421 250 2468 dem.
253 2453 722 2472 ,,,,,,,,,,,,,,,,,,,,,,,,,,,,,,,,,,,,,,,,,,,,
741 2429 788 2473 300
845 2414 966 2466 trahentia,
979 2411 1121 2476 nequeatis
1129 2415 1222 2476 agitata
1232 2415 1269 2460 rel
1281 2413 1386 2475 impedita

248 2528 353 2577 PROP.
368 2529 423 2577 LV.
460 2529 596 2578 THEOR.
611 2529 689 2577 XIX.

156 2611 181 2658 si
192 2625 278 2671 corpus
288 2622 396 2658 movetur
407 2612 431 2658 in
442 2613 566 2672 superficie
582 2612 725 2675 qudcnnque

185 2675 265 2733 cunt,
285 2676 353 2737 cujus
374 2676 424 2722 aris
445 2691 487 2737 por
508 2686 617 2724 centrum
638 2678 725 2725 virium

185 2740 275 2797 transit,
295 2751 319 2786 et
329 2756 343 2787 a
354 2755 450 2800 corpore
466 2741 491 2787 in
507 2755 576 2788 axem
587 2741 725 2790 demittatur

185 2803 388 2864 perpendicularis,
401 2803 621 2867 eiqueparallelaet
629 2807 725 2869 aquaIIs

185 2871 215 2915 ab
226 2869 276 2916 axis
287 2879 374 2929 puncto
384 2870 468 2930 quovis
477 2870 533 2917 dato
542 2869 655 2918 ducatur:
670 2871 723 2918 dito

184 2932 248 2995 quod
256 2934 365 2993 parallela
373 2934 414 2980 illa
421 2949 501 2981 aream
513 2935 614 2995 tempori
625 2951 723 2997 propor-

185 2998 296 3045 donalem
307 2997 428 3045 describet.
433 3030 720 3048 ............................
738 3005 785 3049 302

189 3105 295 3154 PROP.
311 3106 381 3155 LVI.
413 3106 545 3155 PROBL.
561 3107 710 3156 XXXVII.

154 3189 275 3238 concessis
286 3189 415 3253 figuramm
428 3191 610 3238 curvilinearum
620 3192 720 3253 quadra-

184 3255 248 3306 turis,
259 3253 364 3315 datisque
375 3265 427 3301 tum
439 3257 491 3318 lege
502 3256 537 3302 ris
547 3257 680 3316 centripetrc
691 3257 721 3304 ad

184 3329 291 3365 centrum
302 3319 386 3366 datum
397 3320 521 3375 tendentis,
535 3330 585 3367 tum
597 3320 720 3380 superficie

183 3383 255 3430 curvi
265 3385 335 3446 cujus
345 3383 395 3429 axis
405 3399 447 3442 per
458 3395 565 3432 centrum
582 3385 642 3431 illud
658 3394 721 3432 tran·

183 3448 228 3505 sit;
247 3446 386 3494 invenienda
397 3457 431 3492 est
442 3449 572 3511 trajectoria
587 3465 658 3511 quam
669 3464 720 3495 cor-

182 3528 228 3571 pus
238 3512 263 3557 in
274 3512 357 3559 eadem
365 3511 487 3571 superficie
495 3513 616 3570 describet,
628 3514 719 3561 deloco

183 3576 243 3629 dato,
253 3576 307 3624 dati
317 3591 372 3623 cum
381 3576 510 3632 velocitate,
523 3576 615 3624 versum
625 3579 717 3641 plagam

182 3641 208 3685 in
219 3640 341 3701 superficie
352 3641 393 3687 illd
403 3641 483 3687 datam
494 3656 614 3704 egressum
616 3675 714 3690 ..........
732 3649 780 3691 304

224 3748 330 3795 PROP.
346 3747 433 3795 LVII.
465 3747 603 3795 THEOR.
615 3750 676 3797 XX.

152 3834 257 3894 Corpora
275 3834 323 3882 duo
340 3851 364 3882 se
381 3834 481 3882 invicem
498 3835 613 3883 trahentia
632 3836 717 3884 descri-

182 3901 246 3951 bunt,
259 3910 283 3945 ec
294 3898 382 3946 circum
388 3914 513 3946 commune
521 3909 627 3946 centrum
638 3902 714 3964 gravi·

181 3963 241 4018 tatis,
260 3972 283 4010 et
291 3963 380 4010 circum
390 3979 415 4011 se
425 3961 510 4011 mutud
521 3963 608 4026 figuras
618 3965 711 4012 similes.
730 3971 774 4014 ³11

194 4068 299 4117 PnOP.
314 4070 417 4118 LVIII.
454 4070 591 4119 THEOR.
607 4072 685 4120 XXI.

150 4153 175 4199 si
187 4168 282 4215 corpora
298 4157 346 4203 duo
361 4157 449 4205 viribus
464 4159 584 4221 quibusvis
594 4174 619 4205 sc
628 4159 714 4208 mutud

180 4220 283 4275 trabunt,
299 4231 324 4267 et
333 4222 421 4269 interea
432 4224 583 4270 revolvuntur
592 4223 653 4270 circs
660 4239 713 4287 gra·

180 4280 256 4327 vitatis
276 4295 385 4331 centrum
406 4301 546 4335 communez
574 4287 628 4335 dico
649 4288 713 4351 quod

180 4343 269 4405 figuris,
285 4364 344 4409 quas
354 4365 450 4409 corpora
460 4353 493 4398 sic
504 4363 568 4399 mota
579 4352 713 4401 describunt

179 4409 269 4456 circum
288 4428 313 4458 se
331 4412 423 4468 mutud,
442 4426 517 4475 potest
535 4416 612 4481 figura
630 4416 713 4464 similis

179 4481 202 4517 ct
223 4476 327 4534 aequalis,
355 4479 445 4524 circum
469 4495 553 4540 corpus
573 4483 712 4530 alterutrum

177 4535 311 4595 immotum,
323 4541 410 4588 viribus
421 4543 503 4590 iisdem
514 4546 618 4594 describi.
621 4578 708 4593 .........
728 4551 776 4593 312

209 4641 314 4692 PROP.
329 4645 403 4694 LIX.
430 4650 568 4699 THEOR.
583 4653 677 4700 XXII.

146 4727 279 4794 Corpomm
297 4731 399 4781 duomm
412 4736 430 4783 S
445 4746 469 4784 et
482 4739 503 4785 P
514 4739 575 4787 circa
585 4755 712 4788 commune

847 2476 1058 2539 quomodocunque
1064 2487 1301 2532 moveantumm
1308 2492 1385 2524 mum

846 2541 942 2600 perinde
952 2557 977 2588 se
987 2543 1115 2598 habebunt,
1134 2543 1196 2590 acsi
1212 2558 1261 2589 non
1272 2544 1384 2590 traherem

846 2620 871 2650 se
882 2604 975 2662 mutuo,
991 2605 1031 2653 scd
1043 2618 1175 2668 utrumque
1187 2622 1202 2652 a
1213 2622 1310 2668 corpora
1318 2606 1383 2653 terrio

845 2669 871 2714 in
882 2669 1001 2716 communi
1018 2670 1139 2731 gravitatis
1158 2682 1245 2718 centro
1263 2671 1381 2719 contituta

845 2734 932 2781 ritibus
942 2733 1024 2780 iisdem
1038 2734 1173 2782 traheretur
1182 2754 1189 2783 z
1211 2745 1237 2783 et
1246 2734 1326 2783 titium
1335 2744 1379 2781 tra.

845 2798 951 2844 hentium
962 2797 1043 2845 eadem
1051 2798 1096 2844 erit
1105 2797 1143 2845 lex
1150 2809 1262 2860 respectu
1270 2799 1378 2847 dmu-

843 2877 968 2921 oorporum
982 2877 996 2908 a
1013 2871 1093 2909 centro
1113 2862 1155 2908 illo
1177 2864 1302 2911 communi
1316 2874 1380 2927 atmte

844 2939 950 2987 respectu
960 2925 1075 2973 distantia
1086 2926 1161 2973 totius
1173 2927 1239 2975 inter
1248 2942 1376 2990 caput...
1393 2931 1433 2973 stt

838 3054 942 3103 PROP.
952 3054 1041 3103 LXII.
1062 3055 1200 3104 PROBL.
1216 3056 1379 3106 XXXVIII.

814 3137 945 3196 Corporum
964 3138 1066 3186 duorum
1085 3154 1140 3200 qua
1161 3140 1254 3188 viribus
1273 3139 1383 3202 qrradntc

842 3201 1017 3248 distantiaesure
1032 3202 1150 3264 reciproci
1170 3205 1381 3265 propomam·

841 3282 866 3312 se
877 3264 961 3312 mutud
972 3268 1076 3324 trahunt,
1097 3282 1126 3313 ac
1142 3266 1174 3314 de
1193 3269 1253 3316 locis
1269 3269 1330 3316 datis
1343 3267 1380 3314 de·

841 3332 973 3385 mittuntur,
993 3331 1149 3378 determinare
1161 3342 1250 3379 motus
1254 3365 1374 3381 ............
1391 3334 1429 3378 ΒΗ

850 3454 955 3504 PROP.
968 3454 1075 3504 LXIII.
1094 3457 1230 3505 PROBL.
1240 3456 1371 3504 XXXIX.

811 3541 942 3599 Corporum
962 3539 1064 3587 duorum
1083 3557 1138 3603 quae
1155 3543 1247 3589 vitibus
1268 3541 1379 3604 qrndratc

840 3605 957 3650 distantite
968 3620 1017 3649 suae
1028 3605 1146 3666 reciproce
1167 3605 1379 3666 proportionalibus

840 3684 865 3715 sc
875 3665 960 3713 mutud
976 3669 1080 3724 trahunt,
1100 3670 1180 3732 deque
1191 3671 1249 3716 locis
1260 3669 1328 3726 datis,
1346 3683 1379 3714 se-

840 3730 946 3778 cundhm
957 3731 1022 3778 datas
1033 3744 1115 3792 rectas,
1128 3734 1191 3781 datis
1201 3749 1259 3780 cum
1272 3734 1377 3781 velocita-

838 3798 900 3844 tibus
911 3806 1004 3851 exeunt,
1024 3796 1183 3844 determinare
1194 3809 1373 3845 motus.........
1382 3793 1428 3843 nit

885 3917 989 3966 PROP.
1004 3916 1105 3967 LXIV.
1123 3919 1259 3967 PROBL.
1273 3919 1330 3966 XI..

806 4002 904 4049 Viribus
919 4004 1004 4065 qustrna
1022 4017 1120 4064 corpora
1139 4019 1165 4050 sa
1182 4002 1270 4051 mutud
1286 4005 1377 4050 trahunt

836 4068 992 4114 crescentibus
1002 4067 1028 4113 in
1040 4068 1141 4128 simplici
1153 4069 1247 4115 ratione
1258 4068 1376 4114 distands·

836 4145 890 4177 rum
900 4132 1014 4187 acentris,
1024 4133 1180 4194 requiruntur
1188 4134 1376 4193 motuspluriunr

836 4209 960 4256 corporum
971 4195 1073 4243 interae.
1076 4228 1375 4244 ............................
1390 4200 1429 4245 81⁹

874 4323 979 4373 PROP·
991 4323 1076 4372 LXV.
1100 4323 1246 4373 Timon.
1253 4324 1340 4372 XXV.

807 4411 910 4470 Corpora
920 4409 989 4470 plum
999 4424 1102 4471 quorum
1120 4409 1183 4455 vires
1203 4410 1342 4457 decrescunt
1352 4409 1376 4455 la

836 4472 955 4534 duplicati
977 4475 1066 4521 ratione
1087 4473 1256 4521 distantiarum
1279 4477 1310 4522 ab
1327 4489 1376 4521 aar·

836 4538 932 4585 umdem
947 4538 1038 4592 centris,
1056 4539 1147 4584 moveri
1163 4555 1233 4599 posse
1243 4539 1308 4586 Inter
1318 4555 1342 4584 se
1352 4541 1374 4583 in

835 4603 956 4663 ellipsibus
974 4613 998 4650 et
1016 4603 1087 4650 radiis
1104 4603 1136 4650 ad
1154 4604 1286 4651 umbilicos
1303 4605 1374 4651 ductis

834 4667 1034 4714 areasdescribere
1041 4668 1373 4730 temporibuswoponionslfl

834 4731 1200 4795 quamproximd...„.............
1385 4734 1427 4779 ³22
1438 4786 1445 4799 1
