3202 5446
589 471 852 541 PRAEFATIO.
1295 474 1361 536 xvii

61 671 95 714 su
108 643 149 710 sd
171 656 330 723 centrum,
345 643 480 717 diminui
496 646 529 710 in
544 668 669 712 recessu
684 648 725 715 ab
741 648 873 718 eodem:
896 648 928 713 et¹
941 648 1050 736 augeri
1061 646 1188 734 quidem
1202 647 1235 710 in
1250 646 1362 713 eadem

61 758 265 845 proportione
281 784 345 849 qua
359 760 545 829 diminuitur
560 762 747 850 quadratum
761 762 929 840 distantior,
945 760 1080 829 diminui
1097 762 1133 827 in
1154 760 1264 826 eadem
1285 783 1361 846 pro·

61 869 206 955 portione
228 870 293 956 qui
314 870 472 937 distantias
497 872 689 958 quadratum
711 884 854 961 augetur.
900 870 1073 935 Videamus
1094 871 1172 955 jam,
1197 890 1361 954 compara-

61 982 146 1046 tione
160 979 306 1045 instituta
317 982 402 1047 inter
415 982 615 1068 planetarum
630 983 713 1047 vires
738 982 926 1066 centripetas
941 992 974 1045 et
988 980 1051 1044 vim
1066 979 1238 1067 gravitatis,
1255 1001 1360 1042 annon

62 1092 204 1177 ejusdem
219 1091 306 1157 roso
328 1093 394 1157 sint
413 1092 550 1181 generis.
596 1066 748 1178 Ejusdem
768 1089 844 1156 vers
862 1089 988 1178 generis
1010 1101 1113 1166 erunt,
1137 1089 1165 1153 si
1185 1087 1361 1174 deprehen-

63 1201 181 1264 dantur
195 1200 274 1265 hinc
287 1213 321 1266 et
334 1200 410 1266 inde
424 1202 514 1290 leges
527 1202 658 1280 eoedem,
682 1201 866 1290 eoedemque
888 1199 1079 1265 affectiones.
1124 1198 1238 1263 Primo.
1255 1199 1361 1286 itaque

62 1309 159 1386 lunoe,
183 1331 257 1395 quae
271 1309 366 1374 nobis
380 1310 528 1395 proxima
542 1322 598 1389 est,
621 1312 685 1375 vim
698 1312 904 1397 centripetam
920 1309 1145 1396 expendamus.

109 1420 219 1505 Spatia
232 1418 407 1497 rectilinea,
423 1441 496 1507 quae
510 1443 530 1485 a
544 1422 729 1506 corporibus
743 1445 762 1486 e
777 1421 882 1508 quiete
897 1418 1040 1485 demissis
1055 1417 1130 1482 dato
1145 1430 1287 1501 tempore
1301 1417 1361 1480 sub

68 1531 136 1615 ipso
164 1541 271 1595 matris
296 1529 389 1595 initio
412 1529 643 1608 describuntur,
665 1532 721 1596 ubi
746 1555 766 1595 a
788 1531 906 1595 viribus
931 1530 1171 1616 quibuscunque
1193 1540 1360 1616 urgentur,

67 1641 316 1727 proportionalia
332 1654 409 1706 sunt
422 1641 499 1727 ipsis
521 1641 660 1706 viribus:
684 1641 745 1706 hoc
767 1642 875 1727 utique
897 1641 1099 1725 consequitur
1119 1661 1161 1704 ex
1187 1638 1363 1703 ratiociniis

70 1749 308 1815 mathematicis.
355 1748 427 1813 Erit
440 1749 537 1838 igitur
551 1749 598 1813 vis
618 1749 792 1834 centripeta
805 1748 891 1811 lunae
912 1748 947 1810 in
968 1746 1069 1810 orbiti
1085 1746 1142 1810 suit
1158 1744 1359 1823 revolventis,

69 1860 109 1923 sd
128 1861 195 1922 vim
217 1858 377 1946 gravitatis
399 1859 433 1922 in
454 1858 621 1944 superficie
643 1872 747 1937 terroe,
773 1871 810 1923 ut
831 1857 966 1943 spatium
992 1856 1078 1943 quod
1100 1868 1242 1941 tempore
1264 1855 1359 1941 quam

69 1969 202 2032 minimo
218 1968 410 2034 describeret
430 1967 506 2033 luna
529 1967 753 2034 descendendo
773 1952 918 2054 pervim
940 1968 1148 2051 centripetam
1170 1962 1278 2030 uersus
1301 1978 1363 2029 ter-

32 2082 37 2093 '
70 2102 146 2158 ram,
173 2079 200 2144 si
229 2078 373 2143 circulari
401 2077 488 2143 omni
517 2084 608 2143 motu
632 2079 751 2165 privari
772 2078 946 2167 fingeretur
970 2077 1013 2142 ad
1034 2076 1173 2163 spatium
1193 2075 1282 2162 quod
1305 2098 1360 2140 eo·

72 2188 140 2252 dem
166 2201 307 2273 tempore
333 2186 428 2274 qurim
452 2188 585 2252 minimo
620 2188 770 2253 describit
794 2210 890 2276 grave
913 2208 1028 2271 corpus
1054 2186 1088 2249 in
1117 2185 1231 2250 vicinia
1259 2198 1363 2265 terra),

71 2320 125 2383 per
138 2298 202 2361 rim
212 2297 377 2386 gravitatis
392 2319 459 2361 suae
474 2298 627 2363 cadendo.
675 2299 806 2363 Horum
821 2277 995 2384 spctiormn
1008 2298 1100 2382 prius
1113 2296 1237 2383 oequale
1252 2309 1300 2362 est
1314 2318 1365 2360 ar·

72 2408 119 2473 cio
133 2434 153 2474 a
167 2409 246 2474 luna
260 2430 320 2495 per
334 2409 420 2474 idem
434 2422 559 2494 tempus
571 2409 723 2494 descripti
737 2409 821 2474 sinui
834 2430 937 2486 verso,
962 2407 1080 2494 quippe
1094 2406 1149 2492 qui
1163 2405 1248 2496 lunae
1262 2418 1365 2471 trans·

71 2516 213 2582 lationem
229 2518 272 2583 de
286 2531 452 2607 tangente,
466 2518 578 2584 factam
589 2543 609 2583 a
623 2518 655 2582 vi
669 2518 851 2602 centripeta,
867 2515 1009 2594 metitum
1032 2528 1128 2603 atque
1142 2512 1224 2579 oded
1234 2537 1365 2600 compu-

71 2626 242 2711 taripotest
257 2650 299 2692 ex
316 2627 399 2692 datis
422 2626 491 2693 tdm
515 2628 601 2692 lunae
625 2639 769 2712 tempore
790 2626 963 2712 periodica,
986 2622 1055 2689 tdm
1081 2613 1230 2688 distantia
1255 2625 1322 2709 ejus
1346 2648 1366 2688 a
1416 2684 1419 2698 ,

74 2747 176 2799 centro
186 2748 295 2801 terroe.
342 2735 489 2822 Spatium
501 2736 659 2822 posterius
670 2735 829 2800 invenitur
842 2758 902 2820 per
910 2734 1128 2820 experimenta
1141 2733 1364 2819 penduicrurn,

73 2845 335 2933 quemadmoddm
349 2845 458 2912 docuit
478 2845 659 2935 Hugenius.
706 2845 788 2910 lnito
827 2846 934 2932 itaque
959 2845 1091 2923 calculo,
1115 2845 1254 2930 spatium
1275 2844 1367 2931 prius

73 2952 109 3016 sd
123 2955 263 3039 spatium
272 2955 440 3039 posterius,
457 2976 513 3019 seu
527 2954 574 3017 vis
589 2954 764 3039 centripeta
777 2952 863 3017 lunas
877 2953 912 3016 in
926 2952 1029 3017 orbita
1047 2975 1104 3017 suo
1118 2952 1307 3018 revolventis
1323 2951 1365 3016 ad

73 3063 129 3126 rim
140 3063 304 3151 gravitatis
319 3064 353 3127 in
367 3064 532 3149 superficie
546 3077 650 3141 terrae,
675 3064 735 3128 crit
757 3077 793 3129 ut
813 3063 1002 3148 quadratum
1026 3063 1249 3129 semidiametri
1272 3076 1367 3128 terrae

74 3171 109 3235 sd
119 3173 234 3237 orbitae
251 3172 475 3237 semidiametri
490 3172 688 3259 quadratum.
728 3172 871 3237 Eandem
885 3171 981 3237 habet
996 3173 1160 3251 rationem,
1176 3196 1235 3258 per
1246 3196 1284 3238 ea
1295 3195 1367 3260 quae

74 3279 216 3364 mperius
242 3280 463 3359 ostenduntur,
486 3282 532 3344 vis
555 3282 729 3366 centripeta
750 3281 836 3345 lunae
857 3281 891 3345 in
913 3282 1016 3346 orbita
1038 3305 1096 3347 sua
1117 3282 1305 3348 revolventis
1325 3282 1367 3347 ed

73 3390 235 3454 vimlunae
258 3391 465 3476 centripetam
490 3388 591 3475 prope
615 3403 708 3454 terrae
730 3390 939 3475 superficiem.
985 3392 1042 3456 Vis
1062 3392 1168 3479 itaque
1195 3395 1369 3478 centripeta

74 3499 172 3585 propi
186 3513 282 3564 terrae
298 3501 498 3586 superficiem
513 3501 643 3587 aequulis
658 3513 707 3565 est
720 3502 752 3565 vi
765 3502 936 3589 gravitatis.
971 3503 1045 3568 Non
1057 3526 1135 3593 ergo
1149 3503 1282 3570 diversae
1294 3516 1368 3568 sunt

74 3609 167 3685 vires,
191 3609 248 3673 scd
263 3631 327 3673 una
342 3621 436 3696 atque
451 3609 574 3687 eadem,
591 3609 717 3674 sienim
732 3609 867 3674 diversae
882 3624 996 3691 essent,
1013 3635 1148 3699 corpora
1158 3614 1276 3679 viribus
1291 3636 1368 3678 con·

70 3719 188 3806 junctis
214 3719 314 3804 duplo
337 3719 473 3784 celerius
497 3720 530 3783 in
554 3732 671 3784 terram
694 3719 844 3786 caderent
866 3720 960 3808 quim
987 3746 1028 3787 ex
1053 3725 1084 3787 vi
1107 3724 1174 3789 sold
1194 3715 1367 3814 gravitatis.

75 3832 206 3896 Constat
220 3831 318 3918 igitur
332 3830 393 3894 vim
415 3830 503 3894 illam
517 3831 733 3915 centripetam,
757 3831 820 3917 qud
838 3831 915 3896 luna
929 3833 1083 3917 perpetui>
1098 3835 1138 3899 de
1153 3847 1302 3922 tangente
1317 3835 1369 3902 vel

77 3942 210 4007 trahitur
220 3941 272 4006 vel
282 3941 455 4026 impellitur
467 3953 499 4007 et
513 3941 546 4003 in
561 3941 664 4005 orbita
679 3941 841 4019 retinetur,
857 3942 959 4026 ipsam
974 3966 1042 4008 esse
1057 3944 1120 4007 vim
1132 3944 1293 4032 gravitatis
1304 3958 1368 4011 ter-

76 4053 180 4116 restris
195 4051 239 4115 ad
253 4051 361 4114 lunam
376 4073 476 4137 usque
490 4050 731 4138 pertingentem.
778 4050 822 4113 Et
836 4050 951 4115 rationi
971 4051 1100 4138 quidem
1123 4063 1369 4117 consentaneum

76 4161 214 4227 estutsd
224 4160 369 4247 ingentes
380 4159 545 4224 distantias
560 4159 692 4224 illasese
703 4159 803 4225 virtus
814 4160 975 4237 extendat,
990 4159 1061 4224 crim
1078 4161 1198 4225 nullam
1213 4163 1280 4247 ejus
1297 4185 1369 4227 sen·

76 4271 196 4335 sibilem
211 4268 477 4346 imminutionem,
493 4269 543 4334 vel
558 4269 591 4332 in
612 4267 771 4333 altissimis
786 4270 942 4334 montium
958 4271 1183 4348 cacuminibus,
1200 4273 1369 4337 observare

76 4382 157 4446 licet.
204 4380 352 4446 Gravitat
368 4380 472 4466 itaque
487 4380 564 4446 luna
577 4380 612 4443 in
626 4392 764 4445 terram:
788 4381 865 4467 quin
881 4394 913 4445 et
927 4382 1051 4446 actione
1072 4393 1192 4461 mutus,
1216 4396 1302 4447 terra
1323 4382 1369 4446 vi-

77 4493 179 4556 cissim
201 4493 233 4555 in
248 4492 358 4556 lunam
373 4491 536 4578 aequaliter
546 4494 697 4580 gravitat3
724 4490 758 4555 id
774 4490 860 4577 quod
876 4490 1002 4555 abunde
1018 4491 1147 4579 quidem
1162 4492 1368 4556 confirmatur

77 4603 109 4664 in
124 4602 184 4666 hic
198 4600 412 4687 philosophie,
437 4599 490 4663 ubi
505 4602 608 4689 agitur
622 4599 663 4665 de
677 4601 772 4664 maris
795 4613 874 4665 aestu
899 4613 931 4665 et
954 4600 1214 4687 aequinoctiorum
1233 4622 1368 4686 proeces·

78 4712 175 4789 sione,
200 4711 240 4775 ab
256 4712 382 4777 actione
401 4723 468 4774 tum
485 4709 569 4774 lunae
584 4723 653 4776 tum
669 4709 742 4774 solis
758 4710 791 4774 in
802 4724 919 4776 terram
931 4710 1093 4775 oriundus.
1140 4711 1230 4774 Hinc
1245 4722 1277 4776 et
1290 4706 1368 4775 iliud

96 4816 152 4861 Ver..
165 4817 183 4865 Ι.
733 4823 749 4870 b
