3188 5444
269 462 319 520 xiv
798 458 1022 526 EDlTORIS

265 643 393 714 potente
413 631 546 717 praedita
571 633 750 713 subtilitate,
773 635 970 721 motibusque
995 633 1123 699 occultis
1146 634 1263 722 agitata
1269 658 1279 711 3
1297 634 1363 718 jam
1378 631 1419 695 ad
1434 630 1555 695 somnia

265 736 462 816 delabuntur,
486 738 626 828 neglecta
648 762 753 804 rerum
768 741 988 805 constitutione
1002 739 1092 805 veri:
1115 763 1187 827 quae
1201 738 1275 804 sane
1290 738 1404 803 frustra
1417 737 1555 824 petenda

265 859 368 911 estex
382 845 543 911 fallacibus
558 848 754 935 conjecturis,
778 847 850 913 crim
865 849 918 911 vix
935 849 1029 913 etiam
1049 869 1108 934 per
1122 848 1307 913 certissimas
1321 846 1555 911 observationes

264 954 443 1042 investigari
460 956 568 1040 possit.
614 957 680 1037 Qui
704 954 951 1042 speculationum
971 978 1098 1020 suarum
1122 953 1360 1021 tundamentum
1386 954 1556 1019 desumunt

264 1065 304 1129 ab
315 1064 559 1151 hypothesibus3
582 1069 702 1133 etiamsi
714 1067 828 1133 deinde
837 1067 1010 1132 secundum
1018 1066 1104 1154 leges
1116 1067 1311 1132 mechanicas
1322 1063 1554 1131 accuratissimi

264 1175 454 1261 procedaut;
476 1176 612 1243 fabulam
628 1179 754 1265 quidem
769 1178 943 1266 elegantem
954 1177 1034 1242 sorta
1049 1190 1082 1243 et
1095 1191 1267 1257 venustam,
1290 1178 1427 1243 fabulam
1449 1189 1553 1241 tamen

264 1285 451 1351 concinnare
466 1287 593 1352 dicendi
607 1300 690 1352 sunt.

310 1397 510 1483 Relinquitur
525 1396 605 1461 adeo
629 1396 756 1461 tertium
779 1418 890 1484 genus,
913 1395 967 1482 qui
981 1394 1213 1481 philosophiam
1227 1397 1344 1462 scilicet
1358 1394 1555 1480 experimen·

195 1507 198 1514 ’
265 1505 358 1571 talem
373 1505 569 1590 profitentur.
616 1505 664 1570 Hi
679 1504 805 1591 quidem
820 1526 862 1569 ex
876 1504 1111 1588 simplicissimis
1125 1505 1238 1591 quibus
1246 1519 1379 1591 possunt
1391 1501 1553 1591 principiis

264 1636 370 1680 rerum
388 1614 528 1678 omnium
543 1635 651 1677 causas
676 1611 861 1677 derivandae
872 1634 940 1676 esse
956 1611 1082 1677 volunt:
1105 1612 1183 1676 nihil
1198 1627 1303 1679 autem
1317 1613 1463 1699 principii
1484 1611 1556 1675 loco

264 1732 436 1798 assumunt,
459 1719 546 1807 quod
569 1719 711 1784 nondum
734 1742 775 1783 ex
789 1718 1004 1803 phaenomenis
1031 1720 1270 1805 comprobatum
1289 1720 1392 1785 fixerit.
1439 1720 1555 1805 Hypo·

264 1830 367 1896 theses
381 1854 447 1895 non
460 1831 748 1908 comminiscuntur,
771 1851 874 1916 neque
896 1829 929 1892 in
942 1828 1105 1914 physicam
1129 1831 1295 1914 recipiunt,
1318 1831 1379 1894 nisi
1401 1843 1436 1894 ut
1451 1851 1550 1914 quaes·

264 1941 364 2004 tiones
379 1939 420 2004 de
434 1961 567 2026 quarum
581 1940 710 2003 veritate
728 1937 913 2022 disputetur.
959 1936 1089 2020 Duplici
1112 1937 1217 2023 itaque
1230 1937 1381 2002 methodo
1395 1936 1554 2013 incedunt,

263 2046 416 2135 analytici
431 2046 660 2133 etsynthetici.
706 2044 838 2108 Naturae
863 2044 945 2107 vires
971 2043 1119 2130 legesque
1144 2045 1257 2108 virium
1283 2045 1486 2130 simpliciores
1516 2067 1558 2108 ex

263 2153 384 2219 selectis
400 2151 586 2238 quibusdam
599 2149 816 2236 phaenomenis
831 2171 888 2234 per
897 2149 1039 2236 analysin
1054 2149 1224 2229 deducunt,
1249 2175 1289 2217 ex
1315 2154 1428 2239 quibus
1443 2153 1558 2218 deinde

263 2284 321 2348 per
335 2258 497 2347 synthesin
512 2259 703 2345 reliquorum
718 2259 972 2323 constitutionem
994 2260 1133 2325 tradunt.
1180 2262 1264 2327 Haec
1278 2263 1332 2328 illa
1352 2275 1401 2328 est
1418 2263 1559 2348 philoso-

262 2367 383 2454 phandi
396 2367 476 2430 ratio
489 2365 583 2455 longe
599 2367 729 2452 optima,
752 2388 847 2453 quam
861 2388 929 2452 prae
944 2368 1064 2431 caeteris
1078 2368 1191 2433 meritb
1214 2369 1465 2456 amplectendam
1485 2393 1559 2434 cen-

263 2476 324 2541 suit
347 2474 567 2539 celeberrimus
588 2487 698 2538 auctor
720 2486 836 2538 noster.
884 2474 981 2539 Hanc
1002 2476 1101 2540 solam
1127 2478 1234 2564 utique
1258 2477 1559 2566 dignarnjudicavit‚

263 2588 299 2651 in
311 2584 373 2673 qui
388 2584 557 2663 excolendi
572 2598 665 2672 atque
680 2583 863 2650 adornandi
880 2606 1009 2668 operam
1024 2608 1111 2650 suam
1126 2586 1303 2653 collocaret.
1347 2589 1454 2673 Hujus
1466 2589 1561 2675 igitur

263 2694 505 2760 illustrissimum
518 2693 607 2758 dedit
620 2693 810 2779 exemplum,
826 2691 978 2757 mundani
993 2715 1107 2779 nempe
1122 2696 1297 2780 systematis
1319 2695 1558 2781 explicationem

265 2801 419 2869 etheoria
441 2802 601 2892 gravitatis
622 2799 799 2866 felicissime
821 2800 999 2865 deductam.
1045 2801 1215 2866 Gravitatis
1241 2803 1388 2867 virtutem
1410 2804 1561 2868 universis

263 2904 448 2997 corporibus
462 2911 574 2989 inesse,
591 2909 737 2994 suspicati
752 2921 826 2973 sunt
841 2907 890 2973 vel
905 2907 1068 2973 finxerunt
1083 2908 1155 2972 aliis
1177 2909 1300 2995 primus
1310 2910 1362 2975 ille
1377 2923 1409 2975 et
1419 2911 1504 2976 solus
1519 2936 1560 2978 ex

264 3020 454 3108 apparentiis
476 3020 691 3085 demonstrare
708 3018 821 3103 potuit,
846 3031 878 3083 et
903 3019 1166 3102 speculationibus
1188 3022 1321 3110 egregiis
1347 3021 1560 3088 firmissimum

264 3150 382 3217 ponere
395 3125 643 3192 fundamentum.

310 3239 383 3306 Scio
397 3235 542 3325 equidem
556 3234 725 3299 nonnullos
739 3235 846 3322 magni
861 3235 954 3299 etiam
969 3237 1104 3300 nominis
1116 3237 1209 3317 viros,
1225 3238 1415 3325 praejudiciis
1430 3241 1558 3327 quibus-

265 3351 339 3416 dam
353 3347 424 3434 plus
435 3368 527 3433 oequo
541 3357 720 3430 occupatos,
743 3344 818 3409 huic
833 3367 916 3409 novo
930 3347 1086 3432 principio
1100 3348 1185 3436 aegre
1200 3352 1342 3415 assentiri
1355 3353 1504 3438 potuisse,
1527 3367 1558 3417 et
1586 3420 1592 3433 ,

267 3461 360 3528 certis
389 3460 508 3522 incerta
531 3454 704 3528 identidem
732 3455 918 3541 praemlisse.
965 3457 1094 3521 Horum
1114 3458 1229 3522 famam
1254 3459 1398 3525 vellicare
1426 3482 1490 3525 non
1514 3475 1562 3527 est

265 3573 406 3636 animus:
430 3567 486 3633 tibi
499 3565 615 3651 potius,
637 3565 790 3630 benevole
804 3566 913 3644 lector,
936 3566 991 3630 illa
1003 3569 1111 3652 paucis
1135 3592 1293 3655 exponere
1308 3571 1405 3650 lubet,
1427 3595 1469 3636 ex
1490 3573 1560 3659 qui-

155 3763 158 3766 ,
265 3678 326 3744 bus
341 3690 407 3743 tute
418 3676 485 3761 ipse
495 3672 652 3760 judicium
665 3694 730 3736 non
742 3673 884 3759 iniquum
895 3673 986 3738 seras.

311 3787 414 3875 Igitru
428 3794 464 3848 ut
488 3779 665 3868 argumenti
691 3794 831 3847 sumamr
854 3781 1019 3846 exordium
1034 3807 1054 3848 a
1074 3785 1307 3869 simplicissimis
1333 3799 1365 3851 et
1386 3788 1559 3872 proximis3

267 3897 467 3982 dispiciamus
491 3889 651 3976 paulisper
674 3890 774 3975 qualis
800 3891 894 3954 sitin
920 3895 1118 3960 terrestribus
1144 3908 1255 3959 natura
1268 3899 1439 3984 gravitatis,
1456 3910 1491 3963 ut
1505 3898 1561 3962 de·

266 4005 449 4072 indetutids
468 3999 709 4089 progrediamur
730 4000 785 4064 ubi
807 3999 848 4063 ad
871 4022 1004 4086 corpora
1024 4003 1169 4082 coelestia
1193 4005 1372 4093 longissime
1395 4031 1414 4071 a
1436 4006 1561 4071 sedibus

266 4113 381 4183 nostris
402 4121 532 4185 remota,
555 4119 741 4192 perventum
766 4105 869 4171 fuerit.
916 4109 1072 4174 Convenit
1091 4112 1159 4195 jam
1182 4113 1263 4177 inter
1288 4137 1396 4178 omnes
1421 4114 1562 4199 philoso-

266 4224 358 4312 phos,
375 4239 508 4304 corpora
522 4215 667 4280 universa
681 4213 958 4280 circumterrestria
976 4218 1131 4303 gravitare
1153 4219 1185 4282 in
1208 4232 1333 4285 terram.
1378 4221 1475 4286 Nulla
1494 4222 1563 4286 dari

268 4352 401 4418 corpora
422 4325 494 4391 vere
516 4323 607 4399 levia,
626 4321 814 4408 jamdudum
835 4324 1031 4388 confirmarit
1053 4326 1245 4411 experientia
1258 4326 1433 4412 multiplex.
1479 4327 1563 4404 Quoe

268 4445 383 4513 dicitur
396 4438 505 4504 levitas
521 4433 660 4510 relativa,
676 4446 804 4496 nonest
822 4455 896 4496 vera
910 4433 1028 4511 levitas,
1053 4434 1108 4498 sed
1126 4458 1279 4520 apparens
1293 4435 1510 4516 solummod03
1532 4459 1563 4506 et

154 4599 159 4611 .
270 4558 370 4623 oritur
384 4576 404 4617 a
417 4549 625 4638 proepollentc
640 4545 794 4633 gravitate
812 4565 980 4628 corporum
995 4544 1223 4632 contiguorum.

315 4661 427 4742 Porrd,
451 4672 486 4725 ut
501 4680 635 4744 corpora
649 4656 796 4720 universa
824 4655 981 4743 gravitent
1000 4655 1031 4719 in
1050 4668 1176 4736 terram,
1203 4658 1247 4723 ita
1267 4670 1351 4722 terra
1375 4658 1510 4724 vicissim
1521 4659 1564 4726 in
