3202 5446
168 489 464 573 LraanSncuun.]
531 494 773 562 PRINCIPIA
797 496 1165 565 MATHEMATICA·
1250 539 1287 600 Μ
1359 516 1423 578 455

163 677 259 741 quam
273 657 412 723 invenire
427 661 572 744 oportuit.
619 663 657 747 (δ)
675 664 725 728 Ex
740 663 798 728 hac
813 667 931 731 ratione
946 667 1121 753 colligenda
1135 680 1181 732 est
1195 667 1357 756 longitudo
1371 672 1405 737 D
1417 669 1438 733 lt

162 783 223 848 per
237 765 389 830 calculum
398 792 407 844 ;
430 781 461 832 et
475 769 638 856 longitudo
652 794 723 856 quae
738 773 778 837 sit
791 773 833 837 ad
847 788 1034 859 assumptam
1049 776 1275 864 longitudinem
1297 778 1331 843 D
1348 778 1384 856 P,
1408 793 1444 845 ut

161 869 328 958 longitudo
343 873 377 938 D
394 873 421 936 F
438 896 496 958 per
518 877 766 960 experimentum
792 882 917 968 cognita
941 882 981 945 ad
1003 882 1228 968 longitudinem
1250 883 1284 948 D
1302 885 1327 948 F
1348 886 1443 950 modo

159 979 330 1062 inventam,
344 984 406 1061 erit
420 1007 493 1061 vera
507 984 670 1073 longitudo
686 987 718 1049 D
736 988 775 1073 P.
818 989 891 1065 Qut
913 989 1047 1067 inventri,
1070 990 1201 1054 hebetur
1216 1003 1283 1054 tum
1297 1014 1391 1056 curva
1405 994 1443 1055 li-

160 1107 223 1152 nea
237 1091 271 1156 D
287 1113 303 1154 r
318 1114 337 1154 a
352 1091 379 1155 F
393 1082 486 1178 quam
501 1116 615 1183 corpus
629 1087 795 1178 describit*
809 1112 875 1194 tum
891 1100 1030 1184 corporis
1051 1099 1196 1166 velocitas
1218 1114 1250 1166 et
1270 1102 1442 1168 resistentia

150 1197 447 1287 inlocissingulis.
482 1256 484 1261 .
745 1235 747 1238 ·
784 1210 788 1225 '

726 1457 879 1539 Schnlium.

178 1648 181 1652 ’
208 1659 375 1734 Caeterum,
401 1659 606 1723 resistentiam
628 1667 793 1745 corporum
812 1686 878 1728 esse
893 1665 925 1729 in
940 1665 1061 1729 ratione
1076 1665 1253 1744 velocitatis,
1282 1669 1325 1752 (ψ)
1341 1668 1442 1755 hypo-

159 1766 257 1831 thesis
283 1779 331 1829 est
353 1765 451 1852 magis
476 1765 693 1831 mathematica
718 1791 811 1854 quam
834 1770 992 1834 naturalis.
1037 1771 1075 1835 In
1097 1771 1217 1850 mediis,
1245 1796 1315 1859 quae
1336 1776 1441 1862 rigore

158 1874 248 1938 omni
263 1884 382 1949 vacant,
407 1872 587 1938 resistentiae
602 1897 768 1959 corporum
783 1894 855 1942 sunt
869 1882 902 1942 in
917 1879 1073 1962 duplicatis
1093 1881 1212 1944 ratione
1234 1882 1439 1948 velocitntum.

160 1990 199 2074 (⁰)
217 1987 343 2052 Etenim
358 1988 478 2051 actione
493 1990 632 2073 corporis
647 1991 809 2056 velocioris
824 1993 1068 2057 communicatur
1082 1993 1182 2072 eidem
1203 1994 1298 2057 medii
1319 1997 1441 2078 quanti-

160 2104 228 2182 tati,
244 2118 385 2187 tempore
399 2103 529 2180 minore,
546 2115 648 2167 motus
663 2107 762 2190 major
776 2107 808 2169 in
824 2107 944 2169 ratione
958 2106 1082 2190 majoris
1102 2105 1287 2181 velocitatis3
1309 2105 1441 2191 ideoque

158 2207 301 2298 ternpore
316 2213 438 2300 aequnli,
465 2213 506 2276 ob
520 2215 670 2298 majorem
684 2214 779 2279 medii
800 2215 1001 2301 quantitatem
1023 2215 1245 2299 perturbatum,
1269 2219 1440 2278 communi·

159 2338 249 2386 catur
271 2333 373 2385 motus
399 2323 432 2383 in
453 2320 609 2407 duplicati
633 2323 752 2388 ratione
774 2326 872 2408 major
880 2327 895 2401 ς’
920 2335 1028 2409 estque
1050 2323 1223 2387 resistentia
1244 2328 1314 2407 (per
1329 2323 1439 2387 Motirs

158 2519 271 2569 sistentiro
282 2518 311 2567 sd
320 2518 454 2582 gravitatem
461 2528 523 2567 recte
534 2530 652 2580 assumpta
663 2520 708 2567 t'uit
720 2522 783 2585 (65).
850 2522 888 2588 (t)
907 2527 944 2571 67.
965 2522 1004 2568 Ex
1022 2535 1092 2580 supra
1112 2520 1272 2568 demonstratis
1291 2518 1440 2566 detenninsri

161 2587 243 2642 Qusre
253 2599 309 2631 cum
321 2585 338 2631 S
351 2584 378 2630 M
390 2594 530 2642 assumptam
542 2584 606 2631 ilium
617 2586 729 2632 rationem
744 2600 785 2631 es·
816 2597 909 2647 possent
917 2596 994 2633 motus
1000 2585 1100 2645 corporis
1107 2585 1133 2630 in
1143 2585 1220 2631 medio
1228 2584 1290 2647 quod
1297 2583 1380 2629 resistit
1387 2599 1439 2644 per-

159 2659 240 2710 ponat,
252 2661 276 2696 et
286 2658 405 2695 wanescst
414 2649 441 2694 Μ
455 2649 478 2695 N
490 2649 559 2695 ubis
573 2649 600 2696 m
613 2648 639 2696 tit
651 2650 668 2696 S
681 2650 711 2704 X,
723 2659 786 2710 patet
816 2651 859 2698 tim
868 2649 1019 2702 uniformiter.
1032 2649 1114 2709 partim
1125 2649 1244 2695 iuratione
1253 2648 1384 2694 velocitatis.
1406 2648 1440 2695 Et
1488 2685 1493 2695 .

159 2714 185 2761 in
196 2714 241 2761 boc
251 2728 306 2759 casu
324 2712 436 2758 rationem
451 2712 584 2759 resistentie
602 2712 633 2760 ad
650 2714 786 2776 gravitatem
817 2710 911 2777 quidem
922 2714 942 2760 si
952 2729 1035 2773 eorpus
1045 2712 1094 2759 sold
1104 2713 1127 2760 vi
1138 2713 1205 2759 insiti
1215 2713 1241 2758 in
1257 2713 1301 2758 boc
1316 2711 1393 2757 medio
1404 2711 1439 2758 fe-

159 2776 319 2837 recteexponi
334 2792 375 2836 per
388 2776 474 2823 lineam
492 2777 554 2824 SX.
592 2777 675 2839 ltaque
686 2779 704 2823 si
716 2778 786 2825 innu-
818 2791 890 2834 ratur,
908 2793 961 2838 pers
978 2777 1018 2824 ills
1036 2777 1169 2823 resistentie
1185 2791 1239 2839 qun
1256 2785 1290 2822 est
1308 2775 1438 2831 uniformis,

160 2857 232 2888 mesre
242 2841 347 2888 abscisse
359 2841 376 2888 S
389 2842 416 2887 M
428 2851 552 2901 assumpta·
563 2840 669 2898 fuissent,
681 2851 704 2889 et
714 2842 785 2889 innu-
816 2853 927 2904 tanquam
948 2842 983 2887 vis
1003 2851 1110 2888 constans
1130 2841 1247 2902 gravitatis
1270 2839 1316 2901 qud
1337 2840 1438 2899 eorporis

119 2926 123 2933 ·
159 2921 231 2954 snm
246 2904 359 2951 ordinate
377 2905 401 2952 N
414 2905 442 2951 M
459 2921 500 2964 per
509 2906 667 2966 experimenta
676 2905 785 2953 determi-
817 2906 960 2954 ascendentis
969 2915 1048 2952 motus
1063 2904 1195 2956 retardatur,
1216 2903 1380 2951 consideranda
1395 2914 1437 2957 est.

159 2981 229 3027 nstae,
245 2985 315 3016 curva
331 2984 402 3031 quarn
413 2981 526 3029 punctum
539 2970 563 3016 N
575 2968 686 3030 perpetud
702 2971 785 3030 tangit,
817 2981 842 3018 et
856 2971 881 3016 in
897 2969 1052 3030 superioribus
1064 2968 1271 3014 constructionibus
1280 2982 1323 3029 pro
1338 2967 1439 3025 corporis

159 3034 274 3081 rationem
291 3043 421 3080 accuratam
442 3033 576 3080 resistentia
597 3034 628 3080 ad
649 3035 784 3093 gravitatem
816 3049 919 3091 ascensu,
931 3033 1094 3094 nongrasitns,
1112 3031 1153 3078 sed
1169 3048 1197 3078 ea
1212 3031 1338 3079 resistentia
1349 3030 1437 3077 unifor-

159 3097 323 3146 determinaret
339 3113 380 3157 per
390 3098 440 3158 ejus
451 3098 637 3144 intersectionem
650 3098 675 3144 X
691 3114 745 3145 cum
756 3098 784 3145 li·
816 3099 861 3145 mis
872 3097 926 3145 data
941 3113 982 3158 per
992 3097 1077 3144 lineam
1090 3097 1112 3143 A
1127 3097 1155 3151 C,
1173 3096 1209 3142 rel
1219 3111 1260 3156 per
1275 3095 1437 3156 rectengulum

159 3161 205 3209 nei
221 3162 295 3218 SM;
317 3160 415 3223 ideoque
434 3163 453 3208 si
475 3162 551 3209 multa
573 3162 633 3208 fiunt
650 3162 784 3219 tentamine,
820 3165 843 3209 Α
856 3162 882 3209 Η
895 3160 1064 3222 esponidebet.
1100 3160 1124 3208 Si
1135 3175 1189 3207 vero
1200 3176 1283 3220 corpus
1293 3161 1316 3205 in
1329 3159 1438 3220 predicto

159 3227 238 3289 sicque
248 3225 317 3286 plura
326 3226 474 3273 obtineantur
484 3236 570 3287 puncta
580 3226 611 3282 N,
623 3238 646 3273 et
658 3243 698 3285 per
708 3227 785 3273 eadu-
817 3226 895 3273 medio
911 3228 934 3273 vi
949 3225 1066 3288 gravitatis
1081 3226 1150 3272 etiam
1167 3235 1283 3286 urgentur,
1302 3224 1362 3270 lines
1380 3224 1438 3271 AC

160 3302 226 3338 catur
244 3305 322 3340 curra.
336 3290 448 3351 regularis
472 3291 496 3337 N
514 3291 538 3336 N
557 3291 582 3336 X
601 3291 632 3344 N,
655 3291 695 3337 illa
715 3306 786 3353 quam
817 3291 952 3353 gravitatem
968 3299 991 3336 et
1007 3289 1139 3336 resistentie
1150 3299 1237 3348 partem
1255 3288 1394 3335 uniformem
1407 3289 1438 3334 si-

158 3356 265 3416 proxime
285 3366 399 3415 punctum
423 3354 449 3401 X
470 3354 593 3415 quesitum
610 3354 785 3414 determinabit;
816 3355 867 3401 mul
875 3355 974 3417 junctas,
986 3354 1004 3400 si
1016 3369 1099 3414 corpus
1106 3353 1215 3409 ascendit,
1227 3363 1251 3399 et
1258 3367 1377 3399 excessum
1385 3368 1438 3413 gra-

159 3419 296 3466 metlrodum
304 3428 382 3466 autent
393 3418 493 3466 ducendi
503 3434 597 3465 curvam
604 3420 734 3482 regularem
744 3436 786 3480 per
817 3419 893 3466 vitatis
903 3435 972 3479 supra
982 3434 1034 3465 eam
1044 3417 1176 3464 resistentia
1191 3427 1280 3477 partem
1289 3417 1438 3473 uniformem,

159 3483 226 3544 plura
232 3482 438 3536 nunetadatamor
446 3483 471 3529 in
482 3483 662 3530 Scholiosumus
670 3483 782 3531 tradituri.
816 3483 836 3529 si
847 3498 930 3544 corpus
946 3482 1069 3536 deseendit,
1089 3492 1194 3542 exponet.
1232 3482 1286 3536 Qua
1297 3483 1383 3527 ratione
1394 3497 1438 3526 ce-

157 3546 288 3610 '‘(⁸)’Ee
302 3551 345 3595 bac
360 3551 448 3595 ratione
467 3551 588 3608 colligenda
605 3558 644 3603 est,
663 3550 705 3595 &o
742 3548 784 3604 sit,
816 3547 871 3594 teris
886 3547 1040 3603 manentibus,
1059 3545 1273 3593 determinabantur
1293 3555 1370 3604 motus
1388 3559 1437 3588 cor·

159 3611 260 3671 exempti
273 3611 354 3666 'ansb
376 3612 434 3658 ratio
459 3623 576 3672 assumpta
597 3613 733 3660 resistentirs
746 3612 797 3665 ad
816 3611 878 3673 poris
893 3622 945 3658 tum
962 3611 1010 3658 soli
1026 3611 1049 3657 vi
1065 3610 1133 3657 insitii
1143 3609 1207 3664 moti,
1227 3621 1278 3656 tum
1290 3609 1311 3654 si
1322 3607 1438 3668 gravitatis

160 3692 298 3755 wimer„
315 3697 325 3738 1
346 3691 376 3738 ,d
389 3697 425 3749 10,
444 3709 485 3740 ,eu
503 3694 520 3740 s
534 3695 560 3740 M
572 3694 607 3740 ὲ.
623 3684 677 3759 113H
695 3693 788 3741 imm·
819 3688 917 3737 urgente
935 3675 1079 3722 ascendentis
1097 3686 1120 3721 et
1141 3673 1299 3749 descendentis
1309 3673 1342 3750 dn
1361 3669 1439 3744 medio

158 3782 236 3819 ...tm
249 3771 278 3819 n
291 3773 308 3820 s
321 3760 678 3884 x=2sn=ffi=p
696 3772 786 3820 m...
818 3740 1087 3852 stfflfifeettlregtgr
1109 3739 1254 3849 *232333
1265 3736 1327 3847 {gu
1340 3747 1438 3845 ,geg

157 3837 263 3884 sistentia
278 3837 308 3883 sd
324 3839 460 3899 gravitatem
478 3851 505 3885 ut
519 3845 526 3885 1
540 3839 570 3886 ad
582 3843 604 3886 5.
657 3839 679 3884 'x
691 3838 733 3884 hac
749 3853 786 3883 ra.
816 3821 842 3881 ln
858 3820 883 3879 Ψ
901 3819 946 3851 ⁰¹¹⁹
963 3819 1096 3860 “⁰⁶¹⁸ss
1129 3819 1144 3849 ¹¹
1299 3815 1340 3860 ΨΟ
1386 3814 1400 3858 p

157 3901 221 3948 tione
239 3911 264 3948 et
281 3902 399 3960 assumptis
417 3902 564 3965 longitudine
584 3903 640 3950 DP
655 3901 787 3964 colligenda
813 3878 878 3934 lecu·

158 3977 193 4012 ast
210 3965 335 4028 longitudo
352 3967 377 4013 D
392 3967 411 4013 F
427 3984 468 4013 seu
483 3967 612 4026 amplitude
625 3966 702 4027 jactirs
714 3966 784 4041 (6⁴05
850 3964 884 4028 (⁰)
902 3966 1100 4021 Etmimacts'one,
1112 3965 1154 4011 &c
1185 3963 1246 4010 Haec
1254 3971 1332 4023 patent
1342 3975 1383 4021 per
1398 3961 1438 4009 ds-

159 4041 181 4076 et
198 4030 311 4092 quonism
329 4031 424 4077 inventri
440 4031 492 4078 verri
508 4033 597 4079 ratione
610 4028 786 4078 resistenuaesd
816 4039 944 4077 monstrata
955 4030 1001 4089 (8).

158 4093 302 4156 gravitatem,
315 4096 443 4157 trejectorin
454 4111 494 4155 per
505 4097 622 4143 calculum
633 4095 670 4142 rel
680 4109 785 4156 percon·
848 4099 886 4142 68.
915 4096 1035 4142 Scitols'um.
1069 4093 1107 4140 Ex
1134 4092 1262 4154 aquatione
1288 4089 1317 4137 ad
1344 4105 1438 4137 curvam

158 4158 309 4206 structionem
326 4160 420 4206 invente
430 4159 512 4206 similis
523 4170 557 4206 est
568 4160 703 4225 trajectoriae
714 4173 785 4220 quarn
811 4158 844 4206 'D
855 4172 891 4204 rs
904 4158 930 4213 F,
949 4172 1019 4220 quam
1036 4157 1090 4216 (57)
1107 4157 1244 4209 invenimus,
1261 4154 1383 4201 deducitur
1393 4155 1439 4202 hu.

159 4237 242 4282 eorpus
252 4222 277 4269 in
285 4223 362 4270 medio
373 4225 498 4279 resistente,
511 4224 589 4271 reveri
601 4224 710 4272 describit
721 4222 784 4286 (65),
813 4224 940 4286 juscurre
952 4237 992 4283 per
1003 4221 1185 4284 logaritbmicam
1201 4220 1255 4266 satis
1270 4219 1364 4281 elegans
1382 4235 1440 4266 con-

157 4286 202 4333 erit
220 4286 352 4344 amplitudo
371 4289 396 4335 D
415 4288 434 4334 F
452 4304 493 4348 per
511 4288 628 4335 calculmn
646 4288 738 4334 intents
756 4286 785 4334 sd
817 4286 919 4341 metio,
937 4286 983 4349 qui
994 4286 1030 4332 usi
1042 4285 1265 4346 suntVarignonius
1280 4293 1304 4330 et
1321 4283 1440 4331 Herrnan.

158 4351 337 4410 amplitudinem
352 4352 785 4414 DFpererperimentumcognitam,
818 4367 870 4399 nus.
905 4351 966 4397 Eam
983 4350 1021 4396 hie
1042 4364 1184 4409 exponemus
1206 4348 1308 4395 breviter.
1346 4349 1440 4396 Deinde

159 4426 184 4461 ut
194 4425 314 4474 sssrrmpta
325 4416 448 4479 longitudo
462 4418 486 4463 D
500 4416 521 4463 Ρ
532 4416 561 4463 ad
573 4432 649 4462 veram
660 4415 787 4477 longitudi-
817 4431 873 4464 curn
884 4414 909 4461 in
919 4414 1042 4474 superioris
1052 4412 1212 4474 propositionis
1222 4412 1349 4460 Corollaria
1356 4412 1440 4459 ultimo

159 4493 212 4524 nem
228 4480 254 4526 D
266 4479 288 4526 Ρ
300 4495 341 4538 pro
352 4480 481 4542 trajectoriri
491 4482 516 4526 in
528 4480 605 4527 medio
615 4480 734 4527 resistente
745 4479 785 4526 de·
817 4492 842 4528 et
858 4479 914 4528 aiibi
932 4490 1012 4539 postea
1030 4476 1179 4525 describenda
1193 4478 1223 4524 sit
1241 4492 1310 4524 curva
1329 4476 1439 4538 regularis

160 4543 251 4603 scripti.
291 4537 704 4608 ilicautemlongitudineinseritd.
717 4545 786 4591 habe·
817 4559 870 4605 que
889 4559 930 4605 per
946 4542 1000 4590 dats
1020 4553 1108 4602 puncta
1125 4551 1231 4596 transeat,
1254 4542 1298 4589 hoc
1315 4543 1439 4602 problema,

160 4617 198 4653 tur
209 4611 263 4668 (per
275 4608 335 4656 Cor:
342 4609 375 4663 4.)
388 4620 439 4654 tum
450 4625 520 4655 curva
531 4608 593 4655 linea
603 4608 628 4654 D
640 4623 675 4653 ra
686 4608 706 4655 F
716 4623 786 4669 quam
817 4608 880 4670 quod
901 4608 1030 4655 Newtonus
1048 4607 1073 4652 in
1094 4605 1198 4666 Epistold
1213 4605 1243 4652 ad
1261 4605 1438 4666 Oldenburgum

160 4685 242 4732 eorpus
258 4671 333 4732 reipsi
342 4672 457 4727 describit,
474 4683 525 4718 tum
536 4673 637 4731 eorporis
647 4672 756 4720 velocitas
765 4681 789 4718 et
819 4687 882 4719 anno
895 4677 963 4719 1676.
974 4670 1029 4718 dau
1039 4686 1114 4717 unum
1122 4669 1170 4717 t'ere
1181 4685 1208 4716 er
1218 4669 1377 4730 pulcherrimis
1385 4668 1429 4714 dici

160 4735 287 4784 resistentia
298 4736 322 4783 in
335 4737 391 4785 locis
402 4737 500 4800 singulis
509 4740 562 4802 (per
571 4738 624 4785 Cor.
639 4738 676 4798 5.)
729 4789 794 4840 Fu
819 4735 882 4800 quod
893 4735 981 4784 soluere
990 4733 1159 4791 desideraverit,
1171 4735 1293 4782 solvemus.
