3202 5446
197 508 257 569 572
488 495 830 564 PHILOSOPHIAE
854 493 1128 567 NATURALIS
1202 495 1317 575 [Matr.
1334 497 1479 563 eomer

178 671 354 756 pandentes
369 671 431 735 sint
446 684 481 736 ut
496 685 638 756 tempora
653 670 882 740 oscillationum
898 682 1044 745 totarum,
1072 669 1117 753 (†)
1130 681 1225 732 erunt
1242 668 1428 734 velocitates
1441 670 1477 735 ad

176 780 309 844 invicem
325 781 357 842 in
373 780 690 863 correspondentibus
713 778 943 843 oscillationutn
957 777 1110 862 partibus,
1134 791 1171 842 ut
1184 779 1267 842 vires
1282 779 1432 844 motrices
1448 794 1475 845 et

176 903 242 954 tota
271 889 498 953 oscillationum
528 904 670 973 tempora
699 889 817 952 directe
847 900 879 951 et
908 887 1095 972 quantitates
1125 887 1267 950 materiae
1298 889 1471 972 reciproci:

177 997 313 1083 ideoque
336 999 524 1083 quantitates
539 999 679 1061 materioe
694 1011 729 1061 ut
743 999 825 1061 vires
839 1009 872 1059 et
886 994 1117 1059 oscillationum
1140 1010 1286 1080 tempora
1310 996 1428 1062 directe
1443 1014 1471 1063 et

181 1108 351 1173 telocitates
366 1172 370 1179 ,
383 1109 552 1193 reciproce·
598 1110 638 1193 (i)
666 1108 730 1174 Sed
760 1107 940 1171 velocitates
964 1107 1122 1190 reciproce
1152 1119 1227 1170 sunt
1251 1119 1290 1170 ut
1321 1120 1466 1192 tempora,

173 1231 266 1302 atque
282 1215 352 1281 ideb
367 1229 509 1302 tempora
524 1216 641 1282 duecte
656 1230 688 1282 et
703 1216 882 1281 velocitates
904 1214 1065 1300 reciproce
1087 1230 1161 1280 sunt
1174 1231 1211 1280 ut
1225 1216 1380 1303 quadrata
1395 1232 1465 1282 tem·

173 1463 200 1501 ut
210 1452 319 1500 velocitas
328 1452 443 1515 acquisita
452 1453 478 1500 iu
491 1453 557 1501 Fen
567 1451 598 1501 sd
609 1452 752 1500 velocitatem
763 1467 801 1498 ec-
834 1450 902 1496 sitatn
914 1449 939 1495 in
957 1449 980 1497 E
997 1463 1046 1495 ens
1062 1447 1093 1496 ad
1105 1449 1251 1497 velocitatem
1262 1452 1399 1516 sotptisitam
1409 1453 1459 1503 itte

205 1517 280 1564 ''tam
296 1516 349 1564 int.
386 1517 432 1566 Sed
451 1517 562 1579 quonism
578 1533 645 1565 unas
665 1517 688 1564 E
702 1516 805 1563 Fetet'
833 1512 1458 1591 inratioaereciprocitemporumpuibusdestribus·

170 1531 232 1630 pun
242 1592 265 1629 et
276 1581 313 1644 tg
331 1592 388 1629 sunt
401 1582 493 1630 infinite
511 1582 575 1644 parvi
586 1593 610 1629 et
620 1581 728 1644 equales,
746 1580 800 1627 uni-
832 1588 871 1625 tur
882 1593 949 1625 arctis
962 1578 985 1625 Ε
998 1577 1025 1632 F,
1038 1588 1062 1624 et
1072 1594 1086 1624 e
1097 1578 1124 1635 ἡ
1136 1579 1186 1625 berc
1198 1593 1253 1626 sero
1263 1589 1457 1642 tempranensis

170 1645 275 1694 formiter
285 1645 382 1693 describi
393 1647 503 1694 censendi
519 1658 581 1703 sunt,
599 1656 623 1694 et
633 1657 737 1706 tempora
747 1645 799 1707 qui-

169 1712 215 1759 bus
224 1709 386 1759 describuntur
396 1720 466 1758 erum
476 1711 501 1758 in
511 1711 601 1759 udone
611 1709 727 1771 reciproci
736 1710 799 1757 selo-

171 1776 276 1831 citstum.
294 1774 394 1837 ideoque
411 1786 504 1837 ternpus
521 1791 570 1838 quo
588 1775 726 1823 describitur
743 1775 800 1822 EF

168 1850 204 1886 est
214 1840 244 1887 sd
255 1849 347 1900 tempus
353 1854 402 1902 quo
407 1839 544 1888 describitur
554 1840 593 1897 es,
605 1851 633 1887 ut
639 1839 747 1886 velocitas
754 1840 800 1887 ins

168 1903 198 1951 sd
205 1904 351 1952 velocitatem
357 1905 381 1950 in
388 1905 546 1966 E,ettempus
552 1920 600 1966 quo
605 1903 769 1951 describiutrl'
775 1904 799 1952 G

167 1979 203 2015 est
210 1968 240 2015 ad
251 1978 344 2030 tempus
351 1968 540 2031 quodsscribitur
550 1970 593 2044 fg,
600 1978 628 2016 ut
635 1967 743 2016 velocius
753 1972 778 2015 in
789 1968 803 2015 f

168 2032 198 2080 sd
207 2033 351 2080 velocitatem
363 2033 387 2078 in
398 2033 425 2084 F.
438 2034 479 2080 dcc.
491 2033 531 2080 sed
538 2045 638 2080 renones
649 2033 797 2080 velocitatem

166 2096 192 2145 in
204 2097 258 2145 Eet
266 2114 287 2153 e,
297 2099 322 2144 in
333 2097 457 2154 Festos
472 2109 526 2144 sunt
532 2113 624 2159 semper
630 2098 731 2159 equales
738 2098 799 2144 inter

166 2161 555 2288 ttttt'ttsstttttt'tt
565 2178 622 2288 ἓξὲξ
629 2161 734 2286 tit„
742 2173 798 2289 {ll‘

546 2261 554 2286 ,
785 2255 796 2267 .

166 2292 211 2337 bus
218 2290 319 2353 singulte
329 2300 405 2349 portes
414 2305 483 2336 arcus
493 2291 518 2336 D
531 2291 551 2338 C
562 2290 732 2347 describuntur,
741 2302 797 2338 sunt

166 2355 196 2401 sil
207 2365 312 2414 ternpors
322 2354 406 2415 quibus
417 2355 622 2414 correspondentes
637 2365 714 2415 partes
729 2370 796 2402 arcus

166 2417 182 2464 d
193 2435 206 2465 c
217 2417 385 2471 describuntur,
399 2418 424 2463 in
434 2417 517 2464 eidem
528 2419 624 2474 ratione,
641 2433 699 2481 ergo
713 2434 795 2465 ornnes

165 2481 330 2528 antecedentes
340 2491 364 2527 et
374 2495 456 2528 omnes
466 2493 634 2544 consequentes
644 2483 793 2539 summsndo,

164 2547 244 2593 omnia
254 2545 325 2593 simul
333 2556 438 2606 tempora
445 2547 531 2609 quibus
538 2557 706 2607 percurruntur
713 2562 794 2594 omues

164 2624 240 2670 partes
250 2624 317 2656 arcus
329 2609 392 2667 DC,
403 2610 448 2657 hoc
459 2621 500 2666 est,
513 2621 589 2658 totum
600 2621 693 2671 tempus
702 2612 793 2659 oscille-

164 2674 234 2721 tianis
244 2689 286 2734 per
304 2673 329 2720 D
343 2674 371 2728 C,
389 2685 425 2721 est
442 2674 473 2723 sd
491 2676 571 2723 omnia
588 2687 693 2736 ternpore
708 2676 794 2739 quibus

164 2749 239 2800 partes
250 2753 317 2785 arcus
328 2738 344 2785 d
355 2755 368 2786 c
378 2750 553 2800 percurruntur,
571 2742 615 2788 boc
630 2751 665 2787 est
675 2740 705 2787 ed
717 2751 792 2788 totum

163 2813 256 2863 tempus
274 2802 426 2851 oscillatioais
444 2820 486 2865 per
503 2804 544 2851 dc
563 2815 590 2852 ut
607 2815 700 2865 tempus
717 2820 792 2852 unum

162 2882 210 2929 quo
220 2867 328 2929 quedam
341 2884 393 2929 pers
403 2885 471 2917 arcus
484 2870 509 2917 D
522 2869 542 2916 C
555 2870 706 2928 percurritur,
717 2881 752 2917 est
761 2869 793 2918 sd

161 2941 255 2991 tempus
265 2948 313 2993 quo
321 2948 373 2992 pers
383 2933 564 2995 correspondens
575 2949 642 2981 arcus
652 2934 688 2981 dc
698 2950 791 2997 percur-

161 2997 227 3042 ritus.
266 2998 297 3052 Q
309 3014 330 3044 e.
344 2998 367 3045 d.

194 3101 232 3163 (†)
246 3105 328 3151 Erunt
339 3107 464 3153 velocitates
474 3109 506 3152 ad
516 3109 614 3153 invicem
625 3109 650 3154 ia
661 3122 791 3167 correspon-

162 3168 267 3214 dentibus
279 3171 445 3215 oscillationem
454 3172 569 3230 partibas.
583 3180 610 3218 at
621 3173 678 3218 vires
688 3174 791 3219 matrim

162 3239 185 3276 et
195 3239 242 3276 tata
253 3233 422 3279 oscillationem
434 3243 535 3295 tempora
547 3234 629 3282 directi
640 3243 662 3281 ei
672 3238 789 3296 quantita·

160 3303 193 3341 tes
204 3297 307 3342 materia
317 3296 436 3356 reciproci.
458 3302 470 3327 ³
483 3299 518 3344 Ex
526 3298 721 3345 dernonstratione
729 3311 790 3346 note

161 3358 284 3418 superioris
295 3358 368 3421 liquet
380 3361 511 3408 velocitates
523 3363 547 3408 in
558 3363 791 3423 correspondentibus

160 3423 264 3482 partibus
274 3438 323 3469 esse
334 3439 416 3470 omnes
427 3425 450 3470 in
462 3426 543 3473 eidem
552 3428 647 3482 ratione,
656 3426 755 3489 ideoque
763 3440 790 3476 ut

160 3487 270 3534 velocitas
285 3488 396 3549 acquisitu
407 3489 432 3534 in
450 3490 472 3536 Ε
492 3490 522 3536 ad
534 3491 677 3539 velocitatem
690 3492 786 3554 acquisi-

159 3561 207 3598 tam
226 3551 252 3597 in
268 3568 289 3608 e,
308 3551 349 3599 sed
368 3552 421 3598 edm
440 3569 508 3600 arcus
526 3555 585 3603 DE
602 3557 681 3603 etde
697 3555 788 3604 infinite

159 3616 398 3676 parvisuppoasntur,
410 3618 551 3664 censendum
561 3630 603 3676 est,
616 3621 674 3666 vires
681 3622 788 3669 matrices

160 3680 307 3728 uniformiter
318 3697 394 3744 agere,
411 3683 468 3728 durn
481 3683 515 3728 illi
526 3699 593 3731 arcus
604 3696 786 3744 percurruntur;

159 3755 237 3791 motus
247 3761 304 3807 ergo
315 3761 356 3806 per
366 3761 404 3793 ess
414 3747 541 3807 productus
549 3761 635 3796 crescet
646 3760 693 3796 ιιιιιι
701 3766 743 3810 pro
749 3767 786 3797 rr-

157 3809 221 3855 tione
233 3808 316 3856 virium
328 3810 429 3870 ipserum
443 3812 514 3873 quim
526 3828 568 3873 pro
578 3815 666 3860 ratione
677 3816 787 3876 temporis

156 3887 278 3933 quoarcus
285 3874 318 3920 illi
330 3875 493 3922 describuntur
503 3878 550 3923 sive
562 3881 601 3940 (ex
610 3877 783 3940 demonstratis)

157 3950 199 3995 pro
210 3938 298 3985 ratione
309 3949 441 3999 temporum
450 3941 620 3988 oscillationurn
632 3944 781 4005 integrarum,

156 4011 235 4048 motus
246 4001 300 4048 verti
308 4018 335 4048 ex
347 4004 402 4050 Des.
415 4010 437 4050 2.
450 4005 502 4051 Lib.
519 4006 538 4051 l.
552 4006 702 4052 aestimatore
712 4009 782 4053 Nerv-

129 4109 135 4118 ,
155 4073 213 4111 tono
227 4081 256 4111 ex
273 4066 393 4115 velocitate
408 4079 432 4114 et
447 4070 543 4117 materii
559 4071 709 4132 conjunctim,
727 4088 783 4136 ergo

155 4128 286 4176 velocitates
296 4130 415 4189 producte
425 4133 450 4179 in
461 4138 687 4195 correspondentibus
695 4141 782 4185 oscilla-

154 4195 246 4240 emam
262 4198 368 4255 partieris
383 4207 453 4245 erunt
464 4208 490 4245 ut
507 4202 566 4245 airas
582 4204 686 4248 nutrices
695 4212 718 4248 et
734 4211 782 4251 tota

153 4259 321 4306 oscillationem
337 4272 438 4322 temporo
454 4264 538 4310 atreco
548 4273 568 4310 et
580 4269 720 4326 quomitates
731 4285 781 4315 nro·

151 4323 216 4368 teria
226 4326 319 4372 inversi.

184 4423 225 4484 (§)
236 4427 248 4453 ‘
260 4427 302 4471 Sed
313 4428 435 4475 velocitates
443 4438 498 4476 suat
506 4432 620 4491 reciproce
631 4443 656 4479 ut
667 4444 775 4495 tempora.

153 4490 166 4514 ·
180 4485 218 4531 Ex
231 4486 392 4535 demonstratis
407 4491 449 4552 (ad
465 4503 543 4539 notam
561 4497 701 4554 superiorem
714 4499 732 4552 Ι)
751 4501 776 4546 li.

151 4550 642 4675 fflm'ss‘iiiffl'ffl⁰?¹fflssloe?ffi
653 4561 777 4674 ¹232&
811 4576 1438 4659 “vrrfflttioumineooum,„nassae-

151 4689 238 4736 puncto
248 4680 330 4740 quovis
340 4697 408 4728 arcus
428 4684 485 4732 Dc
503 4685 531 4731 sd
544 4640 687 4734 velocitafflm
695 4642 778 4753 licquln
810 4649 1439 4783 lge‘llgffingcfflffiffff'pffiam

149 4743 260 4789 artemia
295 4751 573 4795 unctocarresnn‘
722 4775 727 4785 ’
963 4770 968 4780 ’
1036 4775 1041 4783 ’
1139 4779 1145 4788 '
1206 4780 1214 4795 ⁸

148 4760 437 4859 antennam
453 4749 776 4882 nitantur
810 4765 1438 4895 actstnttttuttt·‘urm
