3202 5446
163 457 453 536 bimestrem]
485 455 728 523 PRINCIPIA
751 453 1124 532 MATHEMAtha.
1371 467 1433 530 617

161 640 192 696 t.
207 642 240 695 et
254 640 285 696 8.
303 631 399 716 Prop.
416 628 475 694 IV.
491 629 563 694 Lib.
579 629 623 711 1.)
637 625 775 693 simodo
788 637 896 691 centra
909 627 963 692 illa
976 628 1146 715 qttiescant
1191 628 1250 694 Sin
1257 642 1453 711 moveantur,

159 741 309 828 qnoniam
332 739 372 824 (¹)
388 739 430 803 ob
444 737 683 804 translationum
703 736 946 816 similitudinem,
969 737 1086 802 similes
1107 751 1236 803 manent
1250 761 1360 804 eorum
1374 742 1453 809 situs

157 849 241 914 inter
253 859 458 936 systematum
471 847 640 934 particulas
647 870 657 924 ;
672 846 788 912 similes
802 846 990 913 inducentur
999 847 1187 913 mutationes
1202 850 1236 913 in
1251 848 1361 938 figuris
1375 874 1453 938 quta

156 945 321 1042 particulae
334 954 526 1020 describunt
572 953 696 1020 Similes
709 954 807 1042 igitur
819 966 914 1019 erunt
927 955 1243 1040 correspondentiam
1257 968 1290 1021 et
1303 957 1454 1024 similium
1543 937 1546 946 ¹

155 1054 386 1152 particularum⁴
396 1077 501 1130 motus
516 1067 556 1150 (³)
571 1085 671 1152 usqua
685 1063 728 1128 ad
742 1085 889 1127 occursus
903 1085 977 1129 suos
990 1064 1120 1150 primos,
1141 1076 1174 1130 et
1186 1079 1354 1150 propterea
1368 1067 1453 1131 simi·

156 1172 205 1237 lea
224 1193 383 1250 occursus,
407 1184 449 1237 et·
462 1171 579 1236 similes
599 1170 797 1255 reflexiones,
818 1183 851 1235 et
869 1169 1003 1237 subinde
1018 1175 1089 1263 (per
1098 1173 1166 1258 jam
1178 1165 1319 1256 ostensa)
1333 1174 1452 1241 similes

155 1291 264 1345 motus
277 1280 361 1346 inter
374 1302 410 1346 ae
423 1280 525 1346 donec
538 1281 654 1348 iterum
667 1282 701 1346 in
714 1303 749 1347 se
761 1293 873 1346 mutuo
884 1281 1063 1361 inciderint,
1085 1295 1118 1349 et
1131 1283 1177 1348 sic
1190 1282 1340 1371 deinceps
1353 1287 1388 1350 in
1401 1287 1451 1352 in-
1546 1358 1549 1369 ¹

157 1386 293 1452 linitum.
341 1386 383 1463 Q.
398 1409 426 1451 e.
441 1386 474 1451 d.

202 1498 301 1562 corat.
320 1505 348 1563 l.
372 1497 461 1562 Hinc
475 1498 502 1562 si
516 1475 649 1582 corpora
663 1496 728 1562 duo
739 1496 866 1584 quaevis,
877 1520 949 1585 quoe
959 1495 1072 1562 similia
1080 1498 1141 1564 sint
1151 1498 1235 1565 etad
1246 1513 1450 1588 systematum

156 1602 324 1688 particulas
346 1603 627 1690 correspondentes
642 1604 784 1668 similiter
798 1604 866 1683 sita,
893 1605 976 1669 inter
996 1603 1080 1690 ipsas
1100 1607 1294 1692 temporibus
1315 1632 1450 1696 propor-

155 1709 335 1774 tionalibus·
351 1710 494 1776 similiter
522 1711 641 1775 moveri
669 1711 829 1796 incipiant,
860 1710 986 1798 sintque
1015 1732 1125 1776 eomm
1151 1715 1383 1802 magnitudines
1412 1739 1449 1782 ac

154 1817 325 1883 densitates
350 1818 392 1882 ad
417 1818 551 1884 invicem
574 1832 610 1883 ut
630 1813 861 1907 magnitudines
886 1840 923 1883 ac
947 1817 1115 1883 densitates
1138 1822 1450 1906 correspondentium

153 1923 394 2010 particularum:
417 1923 487 1989 baec
499 1938 633 2011 pergent
653 1923 847 2010 temporibus
861 1924 1147 2010 pmportiomlibus
1160 1926 1301 1992 similiter
1318 1928 1447 1996 moveri.

159 2099 194 2162 (4.
208 2095 262 2145 Lib.
276 2096 312 2158 1.)
325 2095 786 2158 FGadbdntsiscentralisquicor·
819 2103 845 2154 Χ
863 2096 883 2145 A
898 2096 1040 2145 S=Asz
1054 2111 1105 2156 αις
1121 2095 1201 2153 eritB
1215 2097 1444 2151 nsbtaettsz

153 2174 201 2222 pus
217 2161 241 2208 A
258 2169 356 2223 urgetur
371 2161 402 2209 ad
418 2162 466 2208 sim
481 2162 608 2209 scandent
623 2161 671 2223 qui
688 2171 787 2224 urgente
816 2176 861 2216 as.
878 2171 903 2209 et
916 2163 948 2209 ob
959 2160 1137 2208 similimdiosm
1147 2161 1284 2223 figurarum.
1301 2172 1329 2210 nt
1341 2165 1364 2210 A
1378 2163 1404 2212 D
1414 2164 1446 2214 ad

154 2237 240 2286 eorpus
249 2240 278 2282 s;
297 2235 321 2272 et
331 2225 388 2288 quis
397 2225 457 2273 sires
467 2225 514 2272 ius
526 2231 579 2288 (per
591 2225 670 2287 Hyp.)
687 2234 743 2272 sunt
757 2235 785 2273 ut
816 2226 866 2280 asi,
883 2223 984 2287 ideoque
994 2227 1025 2272 ob
1035 2224 1136 2287 equales
1150 2225 1252 2302 anpuios
1264 2226 1290 2274 D
1300 2237 1325 2274 et
1335 2225 1358 2284 d,
1374 2227 1447 2276 ttian·

154 2288 293 2352 quadratum
303 2288 451 2337 selon'tstnm
463 2287 549 2337 directi
560 2299 584 2338 at
594 2289 709 2336 distantias
722 2290 744 2336 A
758 2290 783 2346 8,
816 2288 874 2352 gula
887 2290 909 2336 A
924 2289 948 2336 D
962 2288 991 2344 B,
1003 2286 1070 2336 adb
1085 2297 1155 2335 erunt
1172 2289 1264 2346 amitis,
1284 2298 1308 2337 et
1325 2301 1446 2352 propterea

153 2365 198 2410 as,
209 2350 307 2406 insessi,
318 2352 451 2401 velocitates
457 2364 537 2400 sutem
546 2362 601 2400 sunt
612 2365 638 2400 ut
648 2352 724 2413 spatia
731 2368 785 2416 quse
817 2367 886 2462 ardeus
900 2356 921 2462 ἓ
936 2351 1130 2463 Bfflbsigiles
1135 2361 1167 2464 dd
1173 2352 1279 2401 similiter
1288 2354 1333 2463 ait}
1355 2356 1446 2467 &lbani

820 2432 843 2462 m
875 2431 890 2462 o
917 2432 954 2463 em
1047 2431 1054 2461 t
1082 2430 1135 2477 rqu
1182 2431 1308 2477 corporae
1326 2432 1375 2466 ocra
1420 2431 1445 2468 et

817 2481 834 2528 b
852 2493 972 2543 progressa
989 2479 1077 2528 timim
1092 2493 1162 2528 arcus
1180 2492 1210 2528 sc
1235 2480 1342 2528 chutinas
1358 2483 1445 2544 positas

816 2543 950 2596 describant.
963 2554 1033 2606 atque
1043 2543 1076 2592 iti
1087 2543 1202 2604 deinceps
1236 2544 1377 2594 Describam
1434 2547 1441 2563 ⁸

814 2607 901 2671 ligures
911 2608 998 2654 similes
1007 2606 1068 2655 elmi
1078 2617 1158 2654 centra
1170 2607 1188 2655 S
1198 2617 1222 2654 et
1231 2622 1250 2655 s.
1282 2608 1330 2656 His
1340 2607 1396 2658 veri

813 2672 946 2719 monstratis
955 2680 1018 2734 patet
1033 2675 1101 2736 (196.
1116 2671 1169 2719 Lib.
1185 2672 1221 2729 1.)
1239 2671 1303 2734 quod
1313 2672 1443 2724 describem

813 2735 900 2782 similes
920 2747 943 2782 et
965 2734 1145 2796 proportionales
1170 2733 1186 2781 s
1206 2751 1301 2784 orarum
1327 2737 1441 2787 similium

814 2799 1148 2861 partestmposibusproporti
1207 2800 1443 2864 'hasmet-sun·

811 2878 855 2924 pet
866 2862 913 2909 sint
923 2871 951 2910 ut
961 2873 1064 2923 tempora
1076 2863 1099 2909 T
1109 2872 1133 2910 et
1143 2870 1160 2909 t.

845 2924 882 2989 (⁸)
895 2933 908 2956 ·
923 2927 1332 2976 oteamtrstmsmtsstttatsoess
1351 2928 1441 2978 Oriun-

813 2999 852 3037 ttu·
871 2991 935 3038 enim
959 3001 1092 3038 centorum
1112 2989 1207 3035 illorum
1225 2991 1388 3041 translationes
1409 3009 1440 3043 ex

813 3052 1439 3178 affielmporpoifflibmffimfflmfflm

812 3133 833 3164 sr
934 3133 963 3165 es
979 3132 1023 3163 um
1066 3133 1094 3163 us
1208 3130 1276 3165 arum
1359 3136 1400 3170 un
1415 3132 1441 3173 aa

812 3181 1040 3243 mnespontennum
1056 3180 1165 3239 motibds,
1181 3179 1241 3229 adei
1251 3185 1439 3245 utquemsdmo·

812 3245 871 3293 dnm
882 3246 948 3294 initio
957 3244 1036 3293 motta
1045 3255 1125 3293 centn
1139 3245 1246 3293 similiter
1260 3249 1348 3296 moseri
1363 3265 1439 3312 cmpe-

812 3321 875 3366 rum,
891 3309 996 3358 similiter
1005 3325 1099 3373 quoqne
1108 3308 1218 3372 deinceps
1227 3312 1314 3360 motui
1330 3324 1435 3378 pergant.

844 3373 879 3439 (Υ)
897 3378 911 3405 ⁰
929 3377 1007 3437 Usque
1022 3375 1053 3422 od
1073 3391 1182 3424 occursus
1202 3391 1255 3424 euos
1271 3380 1368 3439 primos,
1391 3379 1435 3426 As.

813 3439 876 3487 Nam
895 3436 950 3486 cbm
965 3438 1132 3500 pardcnlamm
1143 3441 1373 3501 oomespondentium
1388 3441 1436 3490 dis-

811 3504 897 3555 node.
913 3502 1063 3565 postquarie
1073 3504 1372 3565 temporaptoportionalia,
1389 3505 1437 3554 sint

809 3582 901 3628 semper
911 3567 936 3614 in
946 3564 1002 3615 dati
1016 3565 1182 3615 disinetrmm
1198 3568 1289 3616 radone
1303 3568 1328 3614 in
1343 3567 1436 3618 duom·

810 3633 971 3694 systematibus
982 3634 1022 3695 (ex
1033 3631 1227 3708 demtnnecesse
1237 3642 1272 3678 est
1282 3642 1310 3680 ut
1319 3631 1436 3680 mund·

809 3694 1434 3824 {illlffilsfflfflui'fflffi

809 3824 851 3871 ubi
868 3824 987 3884 particule
1008 3824 1056 3870 iti·
1076 3823 1203 3887 figurarum
1225 3822 1337 3871 similium
1357 3834 1435 3886 partes

809 3887 1082 3999 ffideffimpmnt
1119 3886 1157 3935 Ex
1176 3902 1223 3962 quo
1242 3890 1433 4012 seqpittslzpasmrtg

1044 3965 1154 3999 occursus
1205 3966 1256 3998 mos
1273 3967 1325 3999 sima

809 4024 861 4062 tum
872 4016 960 4064 ratione
969 4015 1133 4073 directionum,
1148 3965 1212 4078 qppd
1223 4016 1274 4077 jem
1290 4015 1434 4066 demonstra·

808 4089 861 4127 tunt
871 4091 913 4138 eat,
923 4089 976 4128 tnm
985 4081 1055 4128 edam
1066 4080 1155 4127 ratione
1166 4080 1314 4127 salonitatum
1325 4090 1433 4143 atquem

807 4143 902 4191 titatum
912 4142 996 4193 mosiis
1033 4143 1152 4206 Siquidem
1168 4143 1241 4204 spatis
1251 4159 1359 4204 percursa
1374 4155 1433 4193 tem·

808 4208 903 4269 poribus
923 4207 1134 4270 pnponionalibus
1153 4219 1209 4255 suns
1229 4222 1320 4268 semper
1337 4208 1433 4258 indari

809 4272 905 4329 ration,
928 4269 1028 4334 ideoque
1048 4271 1180 4319 velocitates
1198 4273 1222 4318 in
1242 4272 1299 4319 loeis
1318 4271 1434 4328 similibus

151 4339 223 4390 simui
239 4336 353 4397 descripta
363 4339 463 4386 tuissent
478 4337 501 4383 in
521 4346 631 4400 tangente
644 4337 666 4383 A
681 4337 712 4390 G.
729 4336 778 4394 ad,
808 4349 865 4384 sont
880 4351 971 4396 semper
981 4338 1006 4384 ln
1016 4335 1071 4383 dati
1081 4336 1177 4391 anone,
1193 4345 1217 4382 et
1227 4333 1281 4383 indi
1291 4339 1322 4384 ob
1332 4339 1433 4397 particu-

150 4401 357 4458 stitFGsdbd,
370 4400 706 4459 utAG²><asadad¹><
719 4402 775 4448 AS.
809 4398 1434 4461 larttmeorrespotsdentiumn'militudinemetdatsm

153 4466 199 4516 Sed
219 4469 272 4530 (per
290 4467 344 4514 eor.
365 4473 385 4514 i.
407 4464 475 4512 tem.
490 4464 554 4525 xt.)
575 4466 595 4513 B
610 4465 652 4512 D:
669 4464 725 4512 ΕΘ
742 4483 777 4513 =
809 4463 950 4512 densitatum
958 4464 1078 4516 rationern,
1086 4463 1225 4527 quantitates
1232 4462 1310 4511 mittis
1317 4480 1371 4526 que
1378 4475 1434 4513 sunt

152 4536 177 4580 A
191 4531 216 4579 Ι)
227 4532 239 4561 ²
251 4549 257 4578 z
274 4531 297 4578 A
312 4530 334 4577 G
347 4533 374 4588 ²3
390 4527 461 4592 quari
479 4531 530 4591 (per
540 4529 729 4589 compositionem
740 4543 777 4576 rs·
807 4538 837 4575 ut
845 4529 979 4576 selonitstes
992 4539 1016 4576 et
1025 4527 1149 4575 densitates
1159 4536 1183 4573 et
1192 4526 1313 4576 solumina
1321 4530 1433 4593 conjunc·

150 4596 243 4645 &num
254 4604 279 4641 et
289 4608 317 4640 er
329 4595 409 4657 equo)
423 4590 491 4641 BD:
504 4592 591 4640 bd=
605 4594 627 4641 A
642 4593 667 4640 D
678 4595 690 4623 ²
702 4599 728 4650 χ
741 4608 778 4640 as
807 4592 859 4648 tim,
878 4592 903 4639 in
922 4593 980 4640 locis
995 4591 1109 4639 similibus
1124 4603 1220 4639 manens
1230 4591 1255 4638 in
1266 4591 1321 4641 dati
1335 4603 1431 4642 rabone.

150 4660 275 4717 :ad2x
291 4659 314 4706 A
328 4659 351 4706 S„
389 4656 450 4705 cnm
469 4655 542 4719 igitur
559 4659 590 4704 ob
607 4656 777 4719 mauguinum
812 4655 961 4704 liederiones
981 4655 1052 4718 igitur
1072 4670 1125 4717 que
1146 4669 1182 4702 ex.
1197 4655 1312 4718 ejusmodi
1334 4657 1435 4704 motibus

151 4728 176 4774 Δ
190 4724 250 4781 SD,
262 4739 277 4768 a
287 4738 299 4769 s
309 4722 333 4778 d,
344 4720 520 4769 similitudinem
531 4729 571 4784 (ex
584 4721 665 4784 Hyp.)
676 4721 707 4769 a't
719 4722 742 4768 A
752 4721 778 4768 D
808 4729 880 4784 notre
895 4719 1031 4770 occursibus
1048 4719 1163 4768 similibus
1184 4731 1326 4782 minnist
1348 4720 1436 4772 similes

150 4788 259 4836 ·ad=
274 4787 296 4836 A
311 4787 345 4835 S:
360 4783 493 4834 ssetided
510 4784 777 4845 AD⁸><as=ad²
809 4793 885 4834 flunt
