3188 5444
151 401 212 516 aaa
443 442 782 512 runosormnr
807 445 1079 513 uarumms
1149 449 1259 530 [uos.
1278 451 1427 519 coma.

145 619 210 690 boc
224 636 280 702 est‚‘
296 625 359 686 vim
373 622 504 688 eundem
518 644 555 686 ac
569 623 595 686 si
609 621 769 706 particulae
783 624 951 686 attractivae
967 627 998 688 A
1013 637 1044 688 et
1059 625 1088 689 B
1103 625 1308 689 consisterent
1328 628 1362 689 in
1376 650 1428 690 eo·

148 755 219 796 rum
235 731 391 795 communi
405 730 563 816 gravitatis
578 741 685 792 centro
701 729 743 806 G,
758 730 888 816 globum
902 731 945 794 ibi
960 745 1192 816 componentes.

193 840 315 904 Eodem
337 851 533 926 argumento,
561 839 587 901 si
613 837 722 922 adjun-

148 963 240 1036 gatur
253 947 404 1033 particula
418 947 507 1010 tertia
523 947 561 1023 C,
584 958 615 1009 et
634 967 718 1008 com-

148 1275 193 1336 vis
207 1272 280 1336 inde
295 1271 426 1336 oriunda
445 1271 551 1335 tendet
572 1272 612 1335 ad
633 1293 718 1334 com·

149 1405 243 1445 mune
258 1394 398 1444 centrum
412 1381 569 1467 gravitatis
580 1381 666 1468 globi
680 1381 718 1442 il·

148 1488 207 1551 lius
230 1489 263 1550 in
288 1489 320 1553 G
346 1499 378 1550 et
401 1487 561 1570 particulae
589 1483 635 1563 C}
658 1487 718 1552 boc

149 1607 205 1673 est,
229 1595 270 1658 ad
284 1616 447 1659 commune
462 1608 602 1658 centrum
616 1597 717 1682 grati·

148 1705 219 1768 tatis
245 1704 338 1767 trium
360 1703 583 1787 particularum
608 1706 649 1781 A,
678 1705 717 1781 Β,

150 1813 195 1887 C;
218 1824 249 1876 et
263 1808 371 1875 eadem
387 1813 456 1888 erit,
473 1833 509 1874 nc
524 1812 550 1873 si
561 1811 672 1899 globus
687 1825 719 1875 et

147 1919 297 2004 particula
310 1921 337 1984 C
349 1920 550 1984 consisterent
564 1921 597 1983 in
612 1936 719 1985 centro

148 2030 203 2092 illo
218 2030 384 2106 communi,
401 2029 531 2116 globum
545 2031 692 2115 majorem
707 2029 750 2092 ibi
766 2034 994 2110 componentes.
1040 2021 1082 2084 Et
1096 2021 1139 2083 sic
1153 2019 1295 2107 pergitur
1309 2019 1340 2082 in
1358 2015 1409 2081 iuli-

148 2139 256 2201 nitum.
303 2137 422 2200 Eadem
441 2149 489 2200 est
503 2137 597 2223 igitur
611 2139 657 2200 vis
672 2151 738 2200 tota
761 2133 982 2218 particularum
1008 2130 1146 2192 omnium
1172 2130 1311 2214 corporis
1332 2128 1409 2211 cuju·

149 2270 270 2334 cunque
288 2247 318 2311 R
335 2249 357 2311 S
373 2247 404 2310 T
419 2247 458 2323 V,
476 2268 512 2309 ac
527 2247 553 2309 si
568 2269 680 2330 corpus
695 2245 782 2321 illud,
800 2255 921 2307 servato
934 2239 1094 2327 gravitatis
1109 2252 1229 2316 centro,
1252 2238 1285 2323 (¹)
1299 2236 1406 2323 figura

150 2355 235 2441 globi
251 2353 402 2416 indueret.
449 2353 524 2428 Q.e
526 2352 580 2415 ..d

198 2466 294 2528 Corol.
317 2463 405 2527 Hinc
419 2476 521 2525 motus
537 2463 675 2546 corporis
690 2463 810 2526 attracti
829 2462 855 2524 Z
869 2460 953 2523 rdem
967 2457 1035 2534 erit,
1058 2478 1094 2520 ac
1109 2456 1135 2520 si
1150 2476 1264 2538 corpus
1278 2449 1404 2516 atuahar

154 2571 184 2633 R
203 2572 225 2634 S
241 2569 272 2632 T
288 2569 317 2631 V
332 2582 413 2632 esset
436 2569 641 2651 sphaericum:
666 2582 697 2632 et
721 2583 886 2652 propterea
912 2566 937 2628 si
964 2584 1077 2647 corpus
1102 2562 1182 2625 illud
1207 2559 1353 2625 attrahens
1369 2549 1402 2616 tel

151 2677 295 2762 quiescat,
311 2675 359 2738 vel
375 2663 593 2762 progrediatur
607 2675 801 2738 uniformiter
825 2675 856 2736 in
873 2672 1045 2746 directum;
1068 2691 1181 2753 corpus
1207 2679 1358 2732 attractum
1375 2655 1402 2744 (ι)

151 2783 324 2846 movebitur
340 2783 372 2845 in
388 2783 486 2866 ellipsi
504 2796 643 2846 centrum
659 2781 792 2845 habente
807 2782 839 2843 in
855 2778 1036 2843 attrahentis
1051 2789 1159 2840 centro
1172 2773 1336 2862 gravitatis.

307 3036 595 3131 puorosrrto
618 3065 821 3129 Lxxxrx.
866 3059 1137 3126 Tnuonnma
1160 3059 1285 3123 xnvr.

151 3238 186 3300 Si
198 3259 322 3318 corpora
336 3240 396 3301 sint
404 3241 497 3320 plura
512 3261 548 3301 ea
556 3241 716 3320 particulis
731 3238 890 3322 aqualibas
904 3237 1079 3311 constantia,
1096 3256 1220 3317 quarum
1234 3235 1308 3296 eires
1319 3236 1372 3294 sunl
1382 3217 1437 3286 ¹1¹

192 3347 344 3407 distantiae
357 3348 480 3408 locorum
495 3370 515 3408 a
529 3349 674 3430 siugulis.-
696 3350 740 3410 ais
754 3370 790 3409 ca
804 3348 929 3408 omnium
945 3345 1055 3407 uiribus
1069 3344 1237 3424 composita,
1249 3341 1305 3425 qud
1315 3349 1447 3420 carpti?

191 3458 284 3518 culum
299 3461 485 3542 qaodcunque
499 3463 640 3537 trahitur,
656 3464 754 3523 tendet
767 3464 810 3523 ad
823 3461 999 3522 trahentium
1010 3479 1154 3520 commane
1164 3467 1290 3519 centrum
1297 3454 1451 3540 gratita·

175 3567 256 3637 ·tr's,·
281 3570 422 3630 eteoclem
437 3571 503 3645 crit,
519 3592 555 3632 ac
568 3573 595 3633 si
609 3572 758 3634 trahentia
775 3573 841 3646 illa,
857 3578 970 3632 seruato
981 3569 1143 3652 grauitatis
1164 3578 1263 3630 centro
1282 3540 1451 3629 connati

193 3676 304 3738 coirent
318 3686 346 3737 et
361 3678 392 3737 r'a
403 3677 519 3759 globum
530 3678 747 3761 firmarentur.

194 3846 438 3910 Demonstratur
453 3847 562 3911 eodem
578 3849 682 3927 modo,
699 3863 792 3934 atque
809 3849 986 3933 Propositio
1000 3849 1150 3932 superior.

195 3956 292 4017 Corol.
316 3953 402 4040 Ergo
413 3966 515 4017 motus
531 3957 669 4039 corporis
685 3958 805 4020 attracti
820 3957 903 4020 idem
918 3957 985 4032 erit,
1009 3977 1045 4018 ac
1068 3956 1092 4016 si
1115 3976 1248 4038 corpora
1270 3947 1451 4016 trahen'w

151 4076 272 4125 servato
294 4064 450 4125 communi
472 4065 631 4149 gravitatis
657 4077 777 4141 centro,
805 4068 923 4130 coirent
949 4078 980 4129 et
1004 4066 1037 4127 in
1062 4065 1194 4152 globum
1219 4064 1451 4127 formarentu:

152 4167 327 4255 Ideoque
304 4191 328 4231 st
344 4191 509 4253 corporum
525 4171 714 4235 trahentium
730 4195 894 4237 commuue
908 4173 1066 4259 gravitatis
1082 4186 1224 4235 centrum
1233 4171 1282 4235 vel
1294 4164 1451 4280 quiescij

151 4276 200 4339 rel
214 4277 413 4365 progreditur
428 4276 644 4342 uniformiter'
636 4302 667 4342 m
683 4280 763 4344 linei
779 4282 882 4357 recta3
905 4302 1016 4363 corpus
1032 4292 1196 4342 attractum
1211 4277 1375 4341 movebitur
1388 4253 1451 4332 ᾗ

151 4382 261 4467 ellipsi,
278 4398 419 4449 centrum
434 4385 592 4449 habente
585 4409 616 4448 m
633 4410 790 4451 commum
781 4389 858 4451 illo
873 4387 1060 4452 trahentium
1076 4400 1184 4450 centro
1198 4384 1361 4473 gravitatis.

168 4599 244 4712 ⁷⁸0)
263 4603 379 4662 Figuram
399 4605 459 4664 globi
480 4605 591 4652 indueret
628 4601 674 4651 Per
700 4602 769 4664 Prop.
814 4602 881 4714 Pil)¹
893 4601 1199 4725 ς’111Ριιιιιςοῐιιιιειῐιιοιι.
1217 4597 1264 4709 lege.
1311 4595 1354 4644 Per
1372 4592 1451 4640 (θ

152 4664 189 4713 'i'l
835 4685 904 4727 ιι
945 4682 957 4712 c
996 4683 1006 4712 t
