3202 5446
657 1096 933 1173 RERUM

424 1344 1165 1443 MATHEMATICARUM

663 1615 921 1695 STUDIOSIS‚

241 1869 762 1949 PHILOSOPHIAE
795 1870 1329 1953 NEWTONIANAE

624 2128 964 2195 INTERPRETES.

711 2391 877 2414 W

152 2582 265 2685 Quart
291 2605 459 2670 recondita
481 2607 544 2671 sint
569 2604 662 2670 simtil
687 2618 719 2671 et
744 2607 832 2671 utilia
858 2601 1071 2688 Philosophiae
1096 2597 1255 2665 Naturalis
1281 2596 1439 2682 Principia

154 2735 385 2813 Mathematica,
402 2748 520 2799 norunt
541 2736 565 2799 ii
588 2759 697 2801 omnes
713 2738 767 2823 qui
782 2736 831 2800 vel
855 2737 956 2821 ipsum
971 2733 1133 2798 clarissimi
1149 2730 1301 2796 Authoris
1324 2752 1440 2794 nomeu

154 2868 324 2934 audierunt.
371 2867 478 2932 Tanta
499 2880 547 2932 est
569 2891 675 2933 rerum
698 2868 833 2958 dignitas
857 2879 950 2955 atque
973 2866 1155 2942 sublimitas,
1180 2877 1265 2928 tanta
1288 2862 1439 2926 sermonis

153 2996 313 3084 plusquam
327 2998 521 3085 geometrica
534 2999 682 3077 brevitas,
700 3011 735 3064 ut
748 2998 1044 3085 praestantissunum
1059 2996 1137 3060 illud
1152 3018 1232 3080 opus
1246 2993 1438 3080 paucissimis

154 3126 305 3190 duntaxat
318 3126 489 3214 geometris
505 3126 620 3192 factum
635 3128 787 3194 videatur.
835 3129 899 3193 Eas
914 3129 956 3192 ob
971 3151 1080 3192 causas
1094 3128 1168 3191 viris
1183 3126 1357 3190 matheseos
1373 3124 1439 3188 cul-

154 3256 299 3341 tiorisque
313 3253 461 3341 physices
478 3254 623 3318 studiosis
637 3256 846 3343 gratissimam
862 3254 930 3319 fore
944 3255 1131 3340 putavimus,
1148 3277 1187 3317 eo
1202 3253 1297 3316 modo
1312 3274 1439 3336 compa·

154 3397 249 3446 ratam
263 3382 566 3466 interpretationem,
583 3395 619 3446 ut
636 3404 745 3446 omnes
769 3395 831 3446 tam
855 3381 940 3446 utilis
965 3381 1174 3467 philosophiae
1199 3382 1437 3465 propositiones,

155 3509 315 3572 corollaria
329 3509 436 3573 omnia
450 3509 545 3596 atque
560 3510 679 3575 scholia
694 3511 847 3577 inoffenso
867 3511 948 3596 pede
969 3513 1092 3597 possint
1113 3511 1290 3591 decurrere,
1314 3514 1367 3600 qui
1389 3513 1439 3578 vel

153 3641 224 3724 ipsis
238 3641 422 3727 geometrioe
437 3653 469 3704 et
483 3642 620 3729 vulgaris
636 3643 774 3731 algebrae
789 3644 951 3708 elementis
965 3643 1065 3729 probe
1087 3644 1198 3707 imbuti
1213 3659 1295 3708 sunt.
1341 3644 1439 3720 Quod

153 3785 185 3834 ut
197 3785 428 3856 praestaremus,
445 3772 641 3837 mechanices
657 3787 689 3838 et
703 3774 816 3838 calculi
831 3774 1028 3838 infinitorum
1043 3773 1207 3858 principia,
1224 3771 1376 3858 quantdm
1391 3774 1438 3836 in-

152 3902 248 3964 stituti
263 3901 363 3964 nostri
378 3901 459 3965 ratio
473 3902 622 3985 postulat,
640 3902 786 3967 Newtoni
798 3903 937 3991 vestigiis
950 3902 1127 3965 insistentes
1139 3901 1437 3980 demonstravimus3

152 4032 343 4115 perbrevem,
361 4031 415 4095 sed
439 4030 666 4096 theorematum
689 4032 891 4096 foecunditate
915 4032 1054 4118 plenum,
1071 4031 1183 4094 nostris
1209 4036 1437 4097 commentariis

154 4162 338 4227 inseruimus
365 4174 531 4227 tractatum
554 4164 727 4228 sectionum
749 4165 947 4242 conicarum3
978 4185 1050 4250 qum
1072 4165 1121 4228 vel
1142 4164 1316 4245 minimtim,
1342 4168 1437 4232 nimii

154 4291 339 4355 obscuritate
354 4289 463 4353 lectori
478 4291 640 4378 negotium
649 4313 762 4376 parere
772 4302 909 4376 possent,
925 4291 1075 4354 eaomuia
1087 4313 1245 4375 exponere
1259 4307 1291 4357 et
1305 4295 1338 4357 in
1352 4296 1438 4361 bono

153 4419 266 4485 lumine
284 4420 440 4485 collocare
462 4422 564 4485 conati
587 4444 715 4499 sumus3
737 4445 809 4507 quae
831 4421 864 4485 in
885 4421 1021 4499 scholiis,
1044 4421 1226 4500 corollariis,
1250 4429 1437 4512 propositio-

153 4573 288 4638 numque
303 4551 395 4628 serie‚
415 4549 624 4634 praetermissa
647 4551 923 4628 demonstratione,
945 4551 1128 4636 pronuntiat
1150 4553 1331 4635 Newtonus,
1354 4580 1436 4641 prae-

153 4681 250 4746 missis
264 4679 314 4745 vel
335 4678 503 4767 interjectis
524 4679 678 4745 lemmatis
700 4679 882 4765 scrupulose
904 4680 1116 4747 demonstrata
1138 4681 1304 4763 invenient,
1328 4686 1381 4770 qni
1404 4689 1439 4755 in
