3202 5446
280 508 340 567 738
577 491 920 559 PHILOSOPHIAE
942 489 1216 559 NATURALIS
1276 491 1394 571 [Mor.
1412 491 1545 556 &aros

252 668 357 755 quoad
387 667 574 732 densitatem
596 691 695 746 suam,
729 689 832 754 neque
854 665 959 752 quoad
980 667 1043 730 vim
1065 666 1189 730 insitam
1214 679 1270 730 aut
1298 666 1443 753 figuram
1473 687 1551 728 suau

251 789 402 851 mutatur,
418 775 594 839 movebitur
613 773 724 838 eidem
739 775 808 861 lege
823 796 860 836 ac
873 774 980 859 priust
1003 787 1036 837 et
1049 785 1168 850 contra,
1192 773 1219 836 si
1233 773 1366 836 vorticis
1386 794 1463 856 pars
1486 794 1552 835 coo-

252 885 356 972 gelata
370 898 403 947 et
416 883 518 948 solida
532 883 672 968 ejusdem
688 884 729 947 sit
742 882 904 947 densitatis
925 902 998 946 cum
1022 881 1142 967 reliquo
1163 881 1295 956 vortice,
1324 893 1358 943 et
1380 879 1552 942 resolvatur

252 995 286 1058 in
301 994 444 1070 fluidum,
467 993 643 1056 movebitur
658 992 728 1055 haec
741 991 851 1058 eidem
865 991 935 1079 lege
950 1013 987 1056 ac
1000 993 1097 1077 prius,
1121 990 1180 1054 nisi
1195 989 1353 1077 quitenus
1369 990 1472 1074 ipsius
1486 1012 1553 1074 par·

254 1100 359 1164 ticulae
381 1101 448 1184 jam
472 1098 578 1162 fluidae
603 1097 695 1161 factae
720 1110 905 1162 moveantur
929 1099 1012 1161 inter
1036 1120 1079 1161 se.
1124 1095 1318 1184 Negligatur
1340 1095 1441 1183 igitur
1455 1111 1551 1160 motus

253 1211 477 1294 particularum
492 1211 573 1273 inter
588 1233 630 1285 se,
660 1223 808 1295 tanquam
823 1208 864 1272 ad
879 1209 973 1272 totius
987 1221 1109 1271 motum
1134 1205 1376 1292 progressivum
1400 1204 1447 1268 nil
1468 1227 1551 1290 spec·

254 1329 335 1393 tans,
363 1331 395 1381 et
415 1329 518 1379 motus
541 1317 636 1379 totius
659 1316 742 1380 idem
757 1317 816 1380 erit
830 1339 867 1380 ac
880 1317 979 1401 prius.
1025 1315 1135 1380 Motus
1154 1326 1260 1379 autem
1286 1313 1379 1376 idem
1406 1315 1466 1378 erit
1483 1337 1550 1378 cunt

253 1437 343 1486 motu
365 1423 495 1486 aliarum
518 1423 643 1486 vorticis
668 1424 806 1506 partium
819 1445 839 1487 a
853 1436 961 1487 centro
982 1422 1143 1508 aequaliter
1163 1420 1363 1498 distantium,
1390 1435 1550 1507 propterea

255 1530 340 1615 quod
356 1529 490 1592 solidum
505 1530 538 1592 in
551 1529 683 1592 fluidum
697 1529 869 1593 resolutum
883 1528 920 1593 fit
934 1552 1007 1615 pars
1021 1529 1146 1592 vorticis
1169 1527 1292 1591 caeteris
1317 1529 1469 1612 partibus
1483 1552 1549 1593 oon·

253 1637 373 1701 similis.
420 1636 508 1724 Ergo
534 1636 678 1716 solidum,
706 1637 731 1699 si
755 1637 795 1701 sit
820 1636 958 1722 ejusdem
981 1635 1140 1700 densitatis
1162 1658 1234 1699 cum
1255 1636 1396 1700 materiai
1421 1639 1548 1714 vorticis,

251 1744 366 1809 eodem
380 1757 469 1807 motu
483 1766 554 1807 cum
570 1745 666 1829 ipsius
680 1745 821 1828 partibus
836 1742 1021 1820 movebitur,
1038 1743 1072 1806 in
1085 1741 1215 1806 materiis
1229 1743 1384 1826 proxime
1400 1743 1551 1809 ambiente

254 1850 382 1916 relative
407 1852 579 1938 quiescens.
626 1851 683 1917 Sin
708 1851 833 1916 densius
848 1852 897 1929 sit,
922 1852 1040 1937 (¹²)jam
1061 1851 1161 1938 magis
1180 1849 1350 1914 conabitur
1367 1853 1552 1918 reoedetea

253 1974 363 2025 centro
377 1961 503 2024 vorticis
518 1958 611 2047 quim
626 1961 713 2044 prius
721 1983 731 2037 ;
745 1941 880 2046 idedtme
894 1960 1020 2023 vorticis
1035 1959 1098 2022 vim
1111 1958 1207 2035 illam,
1220 1956 1282 2045 quii
1296 1960 1392 2043 prius
1404 1962 1440 2022 in
1455 1962 1550 2025 orbiti

254 2067 310 2132 sui
326 2081 474 2155 tanquam
490 2069 523 2130 in
537 2067 712 2154 aequilibrio
727 2067 929 2131 constitutum
943 2067 1143 2145 retinebatur,
1154 2067 1222 2152 jam
1236 2088 1410 2151 superans,
1434 2070 1552 2134 recedet

254 2202 273 2242 a
288 2192 396 2243 centro
411 2193 442 2244 et
457 2178 644 2242 revolvendo
658 2177 814 2244 describet
827 2178 984 2264 spiralem,
1006 2200 1073 2243 non
1086 2178 1220 2264 amplius
1234 2179 1269 2243 in
1285 2180 1432 2245 eundem
1446 2183 1551 2246 orbem

254 2374 382 2437 compositi
394 2390 423 2422 ex
433 2374 523 2423 ratione
533 2389 632 2422 summas
643 2373 727 2421 virium
739 2373 882 2439 centrifuga-
913 2374 938 2420 in
949 2390 998 2440 quo
1005 2374 1105 2437 planeta,
1114 2372 1169 2422 edm
1178 2373 1272 2423 densior
1279 2384 1325 2432 est,
1333 2374 1468 2432 descendit,
1476 2387 1499 2422 et
1507 2375 1544 2422 uti

254 2455 308 2488 rum
326 2440 418 2487 orbium
437 2439 544 2487 omnium
566 2439 703 2485 inferiorum
724 2439 754 2485 ad
775 2449 882 2485 centrum
912 2442 986 2492 sarim
1007 2451 1049 2493 est,
1067 2439 1177 2494 ascendit,
1198 2437 1236 2485 vel
1252 2454 1327 2502 gnae
1342 2451 1382 2486 est
1398 2441 1424 2485 iu
1441 2453 1544 2486 oenuuta

255 2503 329 2566 usque
348 2504 447 2559 vorticis,
464 2518 492 2548 ex
512 2502 601 2550 ratione
616 2502 742 2548 velocitatis
758 2501 806 2564 quis
816 2505 883 2549 orbes
913 2505 1007 2553 vorticis
1017 2503 1053 2550 vel
1065 2518 1120 2549 tion.
1156 2503 1180 2549 Si
1193 2518 1263 2565 grave
1281 2518 1331 2549 non
1351 2504 1392 2560 sit,
1414 2505 1508 2565 planen
1521 2505 1544 2549 'as

254 2567 359 2628 contigui
376 2569 406 2613 ab
425 2566 523 2613 inuicem
542 2576 682 2624 separantur,
704 2575 727 2612 et
746 2581 774 2612 ex
794 2566 882 2612 ratione
911 2570 989 2618 medio
1000 2569 1081 2615 rariori
1092 2567 1187 2627 positus,
1201 2566 1334 2629 eodemque
1344 2583 1405 2614 cum
1418 2568 1544 2616 medioillo

254 2631 369 2677 distantiae
387 2629 480 2676 orbium
498 2629 592 2675 illorum
610 2646 625 2676 a
641 2642 735 2688 centr03
759 2629 823 2676 undd
842 2645 883 2690 per
912 2633 1039 2698 gyrationis
1048 2645 1114 2677 motu
1125 2640 1198 2688 actus,
1210 2633 1294 2694 majori
1306 2631 1329 2676 vi
1344 2647 1361 2678 a
1381 2644 1467 2679 centro
1485 2648 1543 2680 ω·

254 2694 367 2756 analysim
379 2693 473 2741 deducit
483 2705 587 2752 tempora
597 2692 712 2754 periodica
721 2694 821 2754 partium
831 2710 881 2741 uor-
915 2700 970 2745 dere
980 2706 1004 2743 et
1014 2713 1025 2740 s
1040 2695 1121 2741 iralem
1132 2696 1285 2756 trajectarum
1297 2695 1458 2743 describendo
1468 2698 1493 2743 in
1510 2697 1543 2742 irs·

254 2759 306 2806 titis
316 2757 421 2819 sphaerici
432 2758 571 2820 homogenei
582 2774 631 2805 esse
639 2759 663 2804 in
675 2759 763 2805 ratione
774 2757 879 2806 radicum
916 2762 1009 2810 finitum
1020 2711 1083 2806 sphira
1093 2757 1175 2814 debet;
1187 2769 1211 2805 et
1222 2757 1312 2815 contri,
1325 2760 1425 2820 planeta
1436 2762 1460 2806 in
1468 2760 1543 2808 aede

254 2822 811 2885 cubiturumdignitatisquintedistautiarums
825 2838 879 2869 cen·
916 2825 1015 2874 densiori
1034 2822 1135 2884 primbm
1151 2823 1285 2879 colloeatua,
1308 2827 1339 2870 ad
1363 2837 1476 2872 centrum
1505 2839 1544 2886 per

254 2898 305 2945 tro;
323 2904 404 2934 earum
421 2886 475 2934 veni
490 2887 629 2934 celeritatem
640 2888 683 2934 sub
700 2898 815 2950 aquatore
831 2903 880 2934 esse
915 2888 1023 2951 spiralem
1034 2887 1119 2933 tinem
1131 2884 1243 2946 perpetui
1253 2889 1384 2942 medati,
1398 2891 1464 2950 quod
1475 2889 1542 2936 medii

254 2952 370 3013 reciproce
383 2954 406 2998 in
418 2953 505 2998 ratione
521 2952 604 2998 radicis
620 2953 706 2999 cubica
718 2952 822 3014 quadrati
833 2951 880 2998 dis·
915 2953 1027 3001 densioris
1037 2953 1111 3012 major
1121 2966 1169 2997 csse
1181 2952 1262 2997 debeat
1273 2952 1309 2997 vis
1320 2955 1457 3016 centril'uga
1475 2955 1541 3016 quin

254 3019 501 3064 tantiarumacentro.
539 3017 563 3063 Si
575 3017 598 3062 in
610 3018 730 3078 hypothesi
750 3016 880 3063 Bemoullii
914 3019 1014 3079 planete
1025 3017 1121 3063 rarioris
1157 3015 1299 3063 Simedium
1316 3032 1390 3078 grave
1407 3021 1438 3065 sit
1457 3021 1480 3065 in
1492 3033 1542 3064 cess

254 3081 388 3143 negligatur
406 3081 439 3125 vis
458 3080 532 3132 vectis.
551 3081 633 3127 eodem
653 3082 807 3141 calculoque
824 3096 880 3126 usus
910 3090 973 3126 trum
985 3080 1083 3136 vorticis,
1101 3081 1218 3140 ipsiusque
1229 3081 1339 3136 densitas
1358 3083 1545 3127 decrescentibus

254 3156 296 3199 est,
308 3156 411 3204 tempora
422 3145 695 3203 periodicuinveniuntur
702 3145 880 3204 proportionalia
910 3144 1025 3190 distantiis
1035 3160 1050 3190 a
1059 3156 1146 3200 centro,
1158 3156 1250 3199 creseat,
1263 3145 1364 3192 coelestis
1376 3146 1544 3192 materiaedsn-

254 3208 588 3271 radicibuscubicisdignitatis
596 3222 685 3272 quartae
696 3210 880 3255 distantiarum
911 3209 973 3265 sitas,
990 3211 1021 3255 ob
1031 3223 1125 3267 parvam
1137 3210 1262 3255 orbitarum
1273 3224 1333 3269 quas
1345 3210 1450 3268 planeta
1461 3210 1544 3256 descri-

254 3283 349 3329 centro,
361 3273 380 3317 si
389 3271 442 3318 verti
450 3289 609 3333 supponamus
618 3275 777 3333 impressiones
787 3273 879 3320 orbium
910 3274 976 3328 bunt,
1004 3274 1207 3328 excentricitatem,
1236 3274 1333 3334 aqualis
1354 3277 1448 3320 munii
1470 3285 1544 3334 potest

254 3337 279 3383 in
292 3354 316 3384 se
327 3336 410 3383 mutui
422 3336 499 3392 factas,
517 3353 566 3384 esse
577 3341 601 3384 in
612 3339 700 3385 ratione
713 3335 879 3397 composittiex
911 3335 1017 3383 densitati
1036 3337 1150 3398 cujusque
1169 3338 1268 3397 planetas
1286 3339 1343 3385 ltuic
1359 3341 1468 3384 materia
1480 3339 1544 3384 iuna·

254 3402 343 3450 ratione
354 3399 505 3462 pressionum,
518 3404 606 3449 ratione
617 3402 764 3450 velocitatum
775 3402 881 3448 relativa·
912 3401 995 3458 tantis;
1015 3410 1084 3462 atque
1099 3401 1158 3448 adesi
1169 3401 1270 3449 densitas
1281 3403 1382 3448 eoeiestis
1394 3404 1499 3449 mauri:
1515 3403 1542 3449 sd

254 3482 307 3513 rum
319 3477 342 3512 et
353 3466 440 3512 ratione
451 3466 632 3524 superficierum,
650 3478 754 3525 tempora
764 3465 880 3526 periodica
911 3464 1043 3511 distantiam
1057 3466 1149 3512 Saturni
1161 3465 1256 3528 aqualis
1267 3466 1311 3512 erit
1320 3465 1433 3513 densitati
1443 3469 1543 3520 Saturni,

257 3530 425 3578 Bemoulliano
440 3527 530 3576 calculo
547 3530 696 3577 inveniuntur
706 3529 879 3592 quadratisdis-
911 3528 941 3575 ad
960 3529 1091 3576 distantiam
1107 3530 1181 3585 Jovis,
1202 3530 1294 3586 Martis,
1315 3532 1358 3576 dre.
1386 3532 1486 3594 aqualis
1501 3532 1543 3577 erit

254 3595 379 3642 tantiarum
389 3593 573 3655 proportionalia,
583 3597 616 3641 uti
628 3597 756 3641 Newtonus
765 3611 805 3654 per
813 3610 880 3641 suam
911 3593 1018 3640 densitati
1030 3594 1113 3639 honum
1125 3594 1278 3655 planetarum,
1296 3605 1320 3641 et
1330 3610 1416 3640 omnes
1428 3596 1476 3641 ille
1487 3595 1542 3641 den·

253 3659 399 3721 hypothesim
417 3660 535 3704 invenerat
542 3676 550 3713 ς
570 3660 689 3705 etsicum
708 3660 743 3706 liis
759 3659 831 3706 tribus
842 3674 878 3705 ra·
911 3658 988 3704 sitates
1009 3667 1077 3704 erunt
1096 3658 1156 3704 inter
1174 3674 1199 3704 se
1217 3659 1242 3705 in
1264 3660 1354 3705 ratione
1377 3659 1543 3720 subduplieati

253 3725 356 3770 tionibus
372 3733 523 3783 componatur
539 3724 598 3768 ratio
609 3723 722 3770 distantia
731 3741 745 3770 a
756 3733 834 3769 centro
851 3733 879 3769 ut
909 3721 1092 3769 distantiarumu
1102 3723 1156 3768 Sole
1164 3723 1286 3782 reciproci.
1317 3724 1341 3770 si
1350 3724 1431 3784 itaque
1441 3725 1542 3771 Telluris

255 3789 288 3834 vis
304 3789 374 3835 vectis
390 3788 539 3846 exprimatur,
559 3797 663 3845 tempora
682 3787 797 3848 periodica
812 3803 877 3846 repe·
902 3786 1009 3833 'densitas
1025 3787 1148 3833 mediocris
1163 3798 1308 3846 supponatur
1325 3789 1424 3848 aqualis
1435 3788 1542 3834 densitati

254 3854 347 3899 riuutur
363 3851 542 3912 proportionalia
553 3851 668 3897 radicibus
678 3853 765 3899 cubicis
775 3853 875 3913 dignita·
909 3865 983 3911 aquae,
1002 3851 1097 3896 macria
1108 3851 1205 3897 caelestis
1216 3852 1276 3898 inter
1289 3851 1369 3898 Solem
1382 3864 1407 3899 et
1420 3853 1541 3899 Tellurem

254 3918 283 3964 tis
300 3919 403 3976 septimae
425 3916 585 3962 distantiarum
605 3928 720 3962 acentro.
757 3917 805 3962 Ha
824 3914 879 3962 verb
910 3915 1034 3960 constituta
1051 3915 1112 3977 aquit
1128 3915 1220 3962 densior
1236 3916 1453 3975 eritetcorporum
1468 3916 1541 3963 motui

254 3982 368 4043 analogias
387 3980 584 4042 omnesareguli
605 3979 643 4023 illi
666 3980 814 4040 chlerianti,
831 3978 879 4041 quai
909 3978 1012 4024 maximi
1028 3980 1122 4025 resistet.
1160 3980 1205 4026 Sed
1222 3991 1247 4026 ut
1265 3995 1294 4026 ex
1311 3993 1460 4027 cometarum
1473 3982 1542 4027 mmi-

254 4056 359 4105 tempora
370 4044 486 4107 periodica
497 4054 631 4090 statuuntur
641 4059 689 4089 esse
701 4046 724 4089 in
737 4046 876 4091 rationeses·
910 4045 961 4098 bus,
984 4043 1080 4104 aliisque
1102 4045 1300 4090 observationibus
1322 4056 1423 4101 manat,
1446 4048 1542 4092 materia

253 4111 379 4170 quiplicata
396 4109 564 4163 distantiarum,
587 4107 733 4153 dissentiunt.
773 4110 806 4156 Ut
822 4107 877 4170 ergd
909 4108 1007 4153 coelestis
1015 4109 1074 4153 inter
1084 4108 1161 4154 Solem
1171 4121 1194 4154 ct
1203 4109 1324 4155 Tellurem
1333 4110 1411 4155 motui
1418 4125 1542 4170 turpentur

254 4173 346 4218 vorticis
358 4174 460 4232 sphaerici
470 4172 532 4235 leges
543 4188 597 4219 cum
613 4171 707 4229 Kepleri
719 4174 810 4220 sancitis
821 4189 877 4219 con·
910 4171 1007 4217 minimi
1018 4173 1109 4218 resistit.
1146 4172 1209 4218 Nam
1226 4185 1371 4219 cometarum
1389 4187 1472 4221 motus
1489 4186 1542 4221 sun

253 4237 316 4282 ciliet
335 4235 491 4291 Bernoullius,
510 4237 619 4296 supponit
635 4235 771 4282 densitatem
789 4237 878 4283 vorticis
910 4235 1001 4282 summi
1013 4236 1137 4298 regulares,
1154 4247 1178 4283 ct
1188 4238 1281 4284 easdem
1293 4237 1357 4300 leges
1368 4254 1426 4284 cum
1440 4240 1542 4298 planeta-

253 4316 302 4345 esse
314 4301 337 4344 in
349 4303 437 4346 ratione
448 4301 610 4359 sululuplicatti
621 4300 735 4345 distantiae
752 4313 831 4347 centro
842 4317 877 4346 re-
910 4315 962 4345 rum
974 4302 1075 4346 motibus
1086 4303 1213 4354 observant,
1227 4313 1250 4348 et
1261 4304 1284 4347 in
1296 4318 1380 4348 ornnes
1392 4304 1446 4348 tuli
1464 4304 1544 4365 plagas

254 4363 350 4420 ciprocd,
369 4365 473 4423 planetas
485 4363 537 4410 uero
549 4381 595 4409 non
607 4380 655 4410 esse
666 4364 769 4424 ejusdem
786 4381 879 4423 prorsus
911 4365 1026 4410 liberrime
1042 4365 1157 4421 feruntur,
1174 4375 1244 4427 atque
1261 4366 1290 4413 ad
1309 4366 1391 4413 Solem
1409 4384 1486 4431 usque
1497 4367 1544 4414 iera*

254 4426 373 4472 detinearis
384 4443 438 4474 curn
451 4428 528 4473 medio
539 4428 611 4474 lluido
623 4429 645 4473 in
658 4443 704 4486 quo
716 4429 818 4484 primum
830 4430 878 4475 col·
911 4438 1032 4488 penetrant
1044 4430 1092 4475 siue
1104 4432 1238 4477 resistentii.

254 4489 880 4554 locutisunt,ideisqueobmuJ'oremvelminoremsuam
945 4493 980 4555 (²)
994 4497 1074 4542 ‘Jum
1086 4498 1158 4555 mugit
1169 4498 1297 4543 conabitur.
1335 4496 1449 4543 Natuvis
1459 4498 1546 4545 aaut.

253 4553 389 4600 ‹tt-nutarem
402 4557 425 4600 iu
437 4571 465 4600 eo
476 4556 552 4600 medio
563 4555 688 4602 successise
705 4556 843 4603 ‹lescendere
855 4568 879 4603 et
910 4556 967 4618 iuga
978 4560 1069 4610 metris,
1082 4560 1169 4604 ceteris
1181 4563 1283 4618 paribus,
1295 4573 1400 4623 augetur
1411 4563 1447 4608 vel
1457 4562 1543 4608 minui

253 4619 384 4674 ascendere,
409 4619 554 4664 irttercatlitm
579 4619 682 4666 circulari
706 4631 769 4665 motu
789 4621 879 4668 vorticis
911 4632 950 4665 tur
960 4621 984 4666 in
996 4623 1085 4667 ratione
1101 4626 1235 4682 quantitatis
1251 4630 1356 4671 materia
1375 4632 1429 4687 (per
1448 4628 1507 4673 Des.
1523 4634 1547 4672 8.

254 4681 405 4739 abripiuntur,
423 4698 451 4727 ex
463 4684 547 4743 quihus
557 4685 658 4730 motibus
669 4686 737 4729 untut
749 4686 881 4745 compositis
913 4685 965 4732 Lib.
981 4687 1014 4746 l.)
1026 4698 1048 4732 et
1060 4688 1160 4733 materie
1172 4690 1297 4750 quantitas,
1317 4689 1372 4736 dato
1387 4706 1494 4751 corporis
1507 4707 1546 4737 ro

254 4755 383 4792 irascuntur
413 4747 521 4805 ellipticae
543 4748 686 4806 planetarum
707 4749 840 4809 trajectoriae
857 4760 881 4796 ct
912 4750 1009 4807 lumine,
1028 4764 1126 4812 augetur
1138 4754 1173 4800 vel
1185 4755 1301 4803 minuitur
1317 4755 1342 4800 in
1359 4754 1451 4802 ratione
1468 4757 1549 4803 derat

254 4810 400 4869 apheliorum
418 4811 538 4857 lentissimi
547 4821 631 4858 motus.
653 4811 698 4858 Sed
707 4812 811 4858 medium
820 4814 879 4860 illud
912 4815 964 4861 tatis
977 4820 1010 4880 (2².
1023 4816 1075 4863 Lib.
1092 4816 1127 4878 l.)
