3202 5446
600 471 863 540 PRAEFATIO.
1312 473 1370 535 xix

82 647 131 714 aad
141 646 239 714 etiam
254 645 296 711 ad
311 658 449 711 cometas
470 646 504 709 in
517 645 735 714 diversissimis
761 647 913 711 ooelorum
934 649 1115 736 regionibus
1130 649 1209 713 etin
1226 647 1372 735 dirersis·

80 758 160 823 sinis
175 756 335 822 distantiis
349 755 468 841 positos
481 757 643 845 pertingit.
689 756 774 822 Haec
798 757 894 844 igitur
913 771 961 823 est
982 773 1094 824 natura
1114 781 1280 845 corporum
1300 781 1372 849 gra·

79 865 252 944 vitantium,
267 877 304 929 ut
317 863 399 928 vires
414 886 486 929 suas
496 864 642 931 edautad
652 878 761 931 omnes
772 858 937 931 dutantias
952 867 986 931 in
1001 869 1107 932 omnia
1121 890 1254 954 corpora
1268 868 1373 957 gravi·

79 975 182 1038 tantia.
238 972 320 1039 Inde
350 971 425 1037 verb
449 975 599 1062 sequitur,
630 975 770 1060 planetas
798 987 832 1041 et
856 988 993 1041 cometas
1017 979 1185 1044 universos.
1204 1001 1237 1043 se
1261 976 1373 1043 mutub

78 1083 211 1162 trahere,
235 1084 316 1149 etin
333 1106 368 1149 se
382 1083 494 1148 mutud
513 1105 626 1172 graves
649 1107 735 1149 esse:
758 1085 845 1172 quod
863 1086 956 1151 etiam
976 1087 1180 1152 confirmetur
1194 1109 1236 1151 ex
1249 1101 1373 1173 pertur-

76 1197 200 1262 batione
210 1196 295 1282 joris
309 1209 341 1261 et
356 1196 486 1274 saturni,
502 1195 689 1260 astronomis
704 1217 769 1260 non
783 1197 953 1284 incognita,
968 1208 1002 1261 et
1015 1197 1056 1262 ab
1071 1197 1244 1262 actionibus
1259 1196 1372 1261 horum

75 1303 316 1388 planetammin
325 1303 503 1367 seinvicem
514 1303 667 1381 oriunda3
682 1305 757 1390 quin
768 1318 801 1370 et
811 1328 851 1369 ex
859 1319 948 1369 motu
963 1304 1019 1369 illo
1027 1306 1202 1371 lentissimo
1212 1305 1368 1391 apsidum,

76 1415 125 1498 qui
139 1411 238 1498 suprd
252 1423 447 1475 memoratus
462 1422 520 1487 est,
537 1410 652 1497 quique
666 1434 686 1475 a
700 1413 794 1476 causi
810 1411 964 1476 consimili
978 1412 1198 1498 proficiscitur.

116 1522 166 1587 Eo
180 1518 313 1586 demdm
326 1519 529 1605 pervenimus
544 1532 580 1584 ut
599 1520 769 1585 dicendum
784 1521 834 1600 sit,
850 1535 882 1587 et
896 1536 1012 1587 terram
1027 1536 1060 1588 et
1077 1523 1176 1588 solem
1192 1536 1224 1588 et
1238 1545 1373 1609 corpora

76 1631 180 1695 omnia
193 1629 344 1706 caelestia,
368 1649 440 1715 quae
455 1629 553 1694 solem
568 1631 768 1708 comitentur,
786 1653 821 1695 se
834 1630 947 1695 mutub
954 1631 1121 1698 attrahere.
1168 1634 1373 1722 Singulorum

76 1759 148 1826 ergo
177 1735 353 1822 particule,
377 1757 511 1823 quaeque
528 1724 689 1814 minime,
712 1737 794 1801 vires
817 1760 888 1801 suas
914 1739 1092 1804 attractivas
1118 1739 1290 1820 habebunt,
1313 1765 1374 1829 pro

76 1847 250 1934 quantitate
263 1845 402 1910 materioe
415 1845 587 1931 pollentes;
611 1845 877 1933 quemadmodum
892 1845 988 1932 supra
998 1847 1039 1912 de
1054 1851 1252 1914 terrestribus
1268 1862 1375 1914 osten·

76 1981 144 2022 sum
159 1971 217 2022 est.
262 1957 443 2022 Iudiversis
457 1968 562 2021 autem
588 1956 753 2033 distantiis,
777 1968 871 2021 erunt
892 1968 924 2021 et
945 1956 1059 2022 harum
1074 1958 1200 2024 viresin
1215 1959 1374 2045 duplicata
1482 1979 1487 1987 ’

76 2067 197 2131 ratione
210 2066 427 2131 durantiarum
449 2064 629 2151 reciproce:
652 2088 726 2130 nam
752 2088 793 2130 ex
820 2065 982 2152 particulis
996 2065 1057 2132 hac
1081 2067 1152 2157 lege
1177 2069 1373 2135 trahentibus

77 2177 221 2262 componi
233 2176 351 2241 debere
365 2175 480 2263 globos
495 2174 607 2241 eadem
622 2175 692 2264 lege
707 2174 876 2253 trahentes,
896 2175 1115 2241 mathematice
1131 2177 1372 2244 demonstratur.

118 2284 345 2352 conclusiones
359 2285 574 2371 praeoedeutes
588 2283 663 2349 huic
677 2285 854 2350 innituntur
876 2287 1035 2366 axiomati,
1060 2286 1147 2374 quod
1165 2311 1186 2352 a
1199 2289 1293 2352 nullis
1308 2310 1374 2352 non

76 2396 220 2483 recipitur
233 2394 433 2482 philosophis
441 2420 451 2472 3
474 2379 644 2460 effectuum
657 2395 776 2459 scilicet
794 2394 935 2480 ejusdem
949 2396 1085 2484 generis,
1109 2420 1244 2483 quorum
1259 2420 1374 2483 nempe

77 2525 141 2593 que
154 2514 393 2593 eognoscrmtur
407 2502 615 2588 proprietates
631 2501 752 2566 eaedem
766 2514 849 2579 sunt,
868 2502 994 2567 easdem
1003 2525 1073 2568 esse
1082 2526 1190 2570 causas
1202 2521 1234 2570 et
1248 2506 1373 2571 easdem

79 2633 140 2678 csse
163 2611 375 2699 proprietates
400 2632 472 2696 quoe
497 2608 639 2675 nondum
663 2623 905 2698 cognoscuntur.
962 2610 1045 2688 Quis
1068 2612 1152 2678 enim
1181 2614 1315 2694 dubitat,
1346 2615 1374 2679 si

77 2719 207 2808 gravitas
222 2718 264 2783 sit
278 2740 373 2783 cause
387 2716 556 2782 descensus
571 2717 687 2802 lapidis
705 2717 738 2781 iu
755 2718 896 2803 Europa,
914 2719 991 2805 quin
1006 2720 1117 2786 eadem
1138 2722 1180 2788 sit
1201 2746 1296 2788 cause
1316 2723 1373 2789 de·
1440 2773 1447 2781 .

78 2850 198 2896 roensus
220 2830 255 2893 iu
270 2825 444 2893 Americe?
467 2827 502 2892 Si
515 2827 652 2916 gravitas
672 2839 782 2891 mutua
795 2826 890 2892 fuerit
903 2828 986 2893 inter
1007 2829 1145 2916 lapidem
1159 2843 1192 2896 et
1205 2845 1322 2899 terram
1335 2834 1370 2898 in

79 2933 221 3022 Europa3
243 2935 315 3022 quis
328 2934 457 3022 negabit
467 2947 609 2999 mutuam
619 2957 689 2999 esse
710 2935 744 2998 in
760 2935 934 3000 America?
964 2937 999 3002 Si
1020 2938 1067 3002 vis
1084 2941 1246 3005 attractiva
1260 2943 1374 3030 lapidis

79 3063 106 3112 et
126 3061 221 3113 terrae
244 3060 464 3133 componatur,
488 3046 522 3110 in
546 3047 687 3132 Europa,
715 3068 756 3110 ex
780 3046 898 3110 viribus
923 3049 1092 3113 attractivis
1115 3052 1269 3134 partium;
1303 3056 1373 3143 quis

79 3157 201 3246 negabit
218 3156 353 3220 similem
375 3178 443 3221 esse
462 3155 721 3241 compositionem
742 3155 775 3218 in
792 3154 963 3219 America?
994 3157 1028 3220 Si
1050 3159 1194 3223 attractio
1216 3174 1309 3226 terroe
1332 3162 1374 3227 ed

79 3265 179 3330 omnia
198 3286 370 3350 corporum
384 3286 501 3352 genera
520 3274 553 3328 et
574 3262 616 3327 ad
637 3285 748 3328 omnes
768 3262 931 3327 distantias
952 3279 1145 3353 propagetur
1169 3268 1202 3331 in
1226 3270 1373 3355 Europa3

79 3375 183 3462 quidni
207 3374 328 3461 pariter
352 3374 521 3462 propagari
547 3372 688 3437 dicamus
714 3373 747 3437 in
764 3371 937 3438 America?
959 3373 998 3438 In
1021 3372 1080 3436 hec
1100 3375 1211 3463 regula
1224 3376 1374 3444 fundatur

80 3486 178 3549 omnis
191 3484 409 3572 philosophia:
433 3484 549 3571 quippe
564 3481 626 3569 qui
650 3482 772 3547 sublati
787 3482 866 3546 nihil
889 3482 1044 3547 affirmare
1059 3484 1214 3568 possimus
1237 3486 1278 3550 de
1303 3488 1374 3551 uni·

79 3597 186 3661 versis.
230 3595 422 3662 constitutio
436 3617 543 3659 rerum
555 3592 748 3681 singularum
764 3592 929 3657 innotescit
951 3614 1009 3679 per
1023 3593 1256 3663 observationes
1270 3607 1303 3661 et
1317 3619 1374 3663 ex·

79 3704 267 3789 perimente:
291 3704 365 3770 inde
385 3700 460 3769 verb
475 3724 539 3766 non
555 3701 614 3765 nisi
637 3723 695 3785 per
718 3700 800 3765 lianc
814 3701 956 3789 regulam
971 3702 1012 3765 de
1034 3724 1139 3765 rerum
1159 3705 1374 3773 universarum

80 3812 189 3878 morri
199 3814 389 3899 judicamus

118 3922 194 3987 Jam
209 3921 285 3986 crim
298 3923 406 4010 gravia
426 3924 488 3986 sint
502 3923 609 3986 omnia
625 3944 768 4006 corpora,
793 3945 865 4009 quae
880 3923 965 4009 apud
979 3937 1096 3989 terram
1107 3927 1157 3991 vel
1178 3929 1209 3991 iu
1222 3928 1308 3993 coelis
1323 3953 1373 3996 re-

81 4030 253 4114 periuntur,
276 4028 443 4116 dequibus
459 4030 674 4115 experimenta
689 4030 738 4094 vel
762 4031 994 4096 observationes
1009 4015 1172 4098 instituere
1191 4035 1282 4114 licet3
1305 4061 1374 4103 om-

82 4137 154 4202 niub
167 4137 340 4204 dicendum
349 4138 418 4215 erit,
428 4137 615 4223 gravitatem
630 4137 815 4220 corporibus
830 4138 983 4202 universis
998 4154 1185 4226 competere.
1211 4144 1253 4207 Et
1264 4168 1374 4231 quem-

81 4246 250 4314 admodum
271 4245 359 4311 nulla
373 4246 497 4331 concipi
511 4245 630 4311 debent
644 4266 786 4330 corpora,
812 4267 883 4330 quae
910 4268 974 4311 uon
997 4247 1060 4312 sint
1083 4261 1223 4327 extensa,
1247 4253 1375 4318 mobilia

81 4370 111 4422 et
132 4355 399 4442 impenetrabilia3
422 4353 466 4418 ita
479 4353 566 4418 nulla
580 4351 704 4437 concipi
727 4351 853 4430 debere,
877 4376 948 4440 quae
967 4376 1032 4419 non
1056 4356 1117 4420 sint
1130 4358 1247 4444 gravia.
1294 4361 1373 4425 Cor-

79 4489 192 4554 porum
205 4465 359 4543 extensio,
382 4461 550 4539 mobilitas,
573 4475 605 4527 et
619 4461 898 4546 impenetrabilitas
912 4483 977 4526 non
992 4463 1052 4529 uisi
1065 4486 1123 4550 per
1147 4467 1372 4553 experimenta,

79 4577 295 4651 innotescrmt3
317 4572 431 4638 eodem
445 4569 538 4656 plane
560 4571 655 4636 modo
677 4571 814 4659 gravitas
834 4571 1009 4637 innotescit.
1030 4566 1036 4582 ⁸
1056 4573 1200 4660 Corpora
1214 4578 1318 4641 omnia
1332 4575 1373 4639 de

80 4684 193 4776 qubus
203 4683 438 4751 observationes
453 4681 615 4760 habemus,
638 4695 769 4746 extensa
784 4694 857 4747 sunt
872 4697 903 4749 et
918 4684 1046 4749 mobilia
1060 4699 1092 4750 et
1106 4686 1372 4773 impenetrabilia:

699 4793 748 4839 aa
