<?xml version="1.0" encoding="UTF-8"?>
<!DOCTYPE html PUBLIC "-//W3C//DTD XHTML 1.0 Transitional//EN"
    "http://www.w3.org/TR/xhtml1/DTD/xhtml1-transitional.dtd">
<html xmlns="http://www.w3.org/1999/xhtml" xml:lang="en" lang="en">
 <head>
  <title>
</title>
<meta http-equiv="Content-Type" content="text/html;charset=utf-8" />
  <meta name='ocr-system' content='tesseract 3.04.00' />
  <meta name='ocr-capabilities' content='ocr_page ocr_carea ocr_par ocr_line ocrx_word'/>
</head>
<body>
  <div class='ocr_page' id='page_1' title='image "./philosophiaenat00newtgoog_0606.png"; bbox 0 0 3188 5444; ppageno 0'>
   <div class='ocr_carea' id='block_1_1' title="bbox 160 484 1439 568">
    <p class='ocr_par' dir='ltr' id='par_1_1' title="bbox 160 484 1439 568">
     <span class='ocr_line' id='line_1_1' title="bbox 160 484 1439 568; baseline -0.012 -4"><span class='ocrx_word' id='word_1_1' title='bbox 160 506 221 568; x_wconf 82' lang='lat'><em>568</em></span> <span class='ocrx_word' id='word_1_2' title='bbox 445 492 789 561; x_wconf 84' lang='lat' dir='ltr'>PHILOSOPHIAE</span> <span class='ocrx_word' id='word_1_3' title='bbox 814 487 1091 556; x_wconf 85' lang='lat' dir='ltr'>NATURALIS</span> <span class='ocrx_word' id='word_1_4' title='bbox 1157 484 1269 568; x_wconf 84' lang='lat' dir='ltr'><em>[Mor.</em></span> <span class='ocrx_word' id='word_1_5' title='bbox 1287 484 1439 551; x_wconf 66' lang='lat' dir='ltr'><em>Coneou</em></span> 
     </span>
    </p>
   </div>
   <div class='ocr_carea' id='block_1_2' title="bbox 209 821 1260 900">
    <p class='ocr_par' dir='ltr' id='par_1_2' title="bbox 209 821 1260 900">
     <span class='ocr_line' id='line_1_2' title="bbox 209 821 1260 900; baseline -0.012 1"><span class='ocrx_word' id='word_1_6' title='bbox 209 851 213 857; x_wconf 73' lang='lat'>‘</span> <span class='ocrx_word' id='word_1_7' title='bbox 329 832 616 900; x_wconf 87' lang='lat' dir='ltr'>PROPOSITIO</span> <span class='ocrx_word' id='word_1_8' title='bbox 640 832 778 898; x_wconf 87' lang='lat' dir='ltr'>XXIII.</span> <span class='ocrx_word' id='word_1_9' title='bbox 823 824 1099 895; x_wconf 84' lang='lat' dir='ltr'>THEOREMA</span> <span class='ocrx_word' id='word_1_10' title='bbox 1123 821 1260 890; x_wconf 86' lang='lat' dir='ltr'>XVIII.</span> 
     </span>
    </p>
   </div>
   <div class='ocr_carea' id='block_1_3' title="bbox 143 1019 1444 1122">
    <p class='ocr_par' dir='ltr' id='par_1_3' title="bbox 143 1019 1444 1122">
     <span class='ocr_line' id='line_1_3' title="bbox 143 1019 1444 1122; baseline -0.015 -24"><span class='ocrx_word' id='word_1_11' title='bbox 143 1033 283 1122; x_wconf 76' lang='lat' dir='ltr'><em>Sistoidi</em></span> <span class='ocrx_word' id='word_1_12' title='bbox 296 1054 334 1095; x_wconf 78' lang='lat' dir='ltr'><em>en</em></span> <span class='ocrx_word' id='word_1_13' title='bbox 342 1031 509 1113; x_wconf 71' lang='lat' dir='ltr'><em>partiendis</em></span> <span class='ocrx_word' id='word_1_14' title='bbox 522 1051 553 1092; x_wconf 91' lang='lat' dir='ltr'><em>se</em></span> <span class='ocrx_word' id='word_1_15' title='bbox 567 1037 668 1092; x_wconf 84' lang='lat' dir='ltr'><em>mutuo</em></span> <span class='ocrx_word' id='word_1_16' title='bbox 677 1025 872 1111; x_wconf 66' lang='lat' dir='ltr'><em>fingimtibns</em></span> <span class='ocrx_word' id='word_1_17' title='bbox 883 1023 1038 1105; x_wconf 79' lang='lat' dir='ltr'><em>compositi</em></span> <span class='ocrx_word' id='word_1_18' title='bbox 1052 1022 1187 1085; x_wconf 76' lang='lat' dir='ltr'><em>densitas</em></span> <span class='ocrx_word' id='word_1_19' title='bbox 1201 1019 1244 1082; x_wconf 89' lang='lat' dir='ltr'><em>sit</em></span> <span class='ocrx_word' id='word_1_20' title='bbox 1258 1026 1295 1080; x_wconf 81' lang='lat' dir='ltr'><em>nt</em></span> <span class='ocrx_word' id='word_1_21' title='bbox 1307 1036 1444 1099; x_wconf 81' lang='lat' dir='ltr'><em>oonpres·</em></span> 
     </span>
    </p>
   </div>
   <div class='ocr_carea' id='block_1_4' title="bbox 182 1125 1444 1552">
    <p class='ocr_par' dir='ltr' id='par_1_4' title="bbox 182 1125 1444 1552">
     <span class='ocr_line' id='line_1_4' title="bbox 186 1125 1444 1224; baseline -0.017 -17"><span class='ocrx_word' id='word_1_22' title='bbox 186 1147 242 1220; x_wconf 85' lang='lat' dir='ltr'><em>sio,</em></span> <span class='ocrx_word' id='word_1_23' title='bbox 259 1145 338 1206; x_wconf 85' lang='lat' dir='ltr'><em>vires</em></span> <span class='ocrx_word' id='word_1_24' title='bbox 352 1140 529 1224; x_wconf 68' lang='lat' dir='ltr'><em>centrp‘isgae</em></span> <span class='ocrx_word' id='word_1_25' title='bbox 537 1139 763 1222; x_wconf 76' lang='lat' dir='ltr'><em>partiordatnm</em></span> <span class='ocrx_word' id='word_1_26' title='bbox 777 1145 847 1199; x_wconf 86' lang='lat' dir='ltr'><em>sunt</em></span> <span class='ocrx_word' id='word_1_27' title='bbox 861 1128 1012 1216; x_wconf 77' lang='lat' dir='ltr'><em>reciproci</em></span> <span class='ocrx_word' id='word_1_28' title='bbox 1026 1129 1281 1214; x_wconf 77' lang='lat' dir='ltr'><em>proportionales</em></span> <span class='ocrx_word' id='word_1_29' title='bbox 1295 1125 1444 1189; x_wconf 67' lang='lat' dir='ltr'><em>distantiis</em></span> 
     </span>
     <span class='ocr_line' id='line_1_5' title="bbox 187 1228 1444 1325; baseline -0.015 -11"><span class='ocrx_word' id='word_1_30' title='bbox 187 1260 354 1314; x_wconf 79' lang='lat' dir='ltr'><em>eentromm</em></span> <span class='ocrx_word' id='word_1_31' title='bbox 379 1269 507 1312; x_wconf 70' lang='lat' dir='ltr'><em>mmm.</em></span> <span class='ocrx_word' id='word_1_32' title='bbox 552 1247 597 1309; x_wconf 87' lang='lat' dir='ltr'><em>Et</em></span> <span class='ocrx_word' id='word_1_33' title='bbox 612 1248 675 1308; x_wconf 86' lang='lat' dir='ltr'><em>uice</em></span> <span class='ocrx_word' id='word_1_34' title='bbox 689 1242 786 1320; x_wconf 76' lang='lat' dir='ltr'><em>versi,</em></span> <span class='ocrx_word' id='word_1_35' title='bbox 805 1243 972 1325; x_wconf 81' lang='lat' dir='ltr'><em>particula</em></span> <span class='ocrx_word' id='word_1_36' title='bbox 992 1240 1106 1304; x_wconf 84' lang='lat' dir='ltr'><em>viribns</em></span> <span class='ocrx_word' id='word_1_37' title='bbox 1126 1258 1195 1322; x_wconf 72' lang='lat' dir='ltr'><em>qnia</em></span> <span class='ocrx_word' id='word_1_38' title='bbox 1214 1245 1289 1300; x_wconf 77' lang='lat' dir='ltr'><em>srtnt</em></span> <span class='ocrx_word' id='word_1_39' title='bbox 1302 1228 1444 1316; x_wconf 71' lang='lat' dir='ltr'><em>reciproci</em></span> 
     </span>
     <span class='ocr_line' id='line_1_6' title="bbox 182 1344 1442 1440; baseline -0.012 -21"><span class='ocrx_word' id='word_1_40' title='bbox 182 1356 432 1440; x_wconf 83' lang='lat' dir='ltr'><em>proportionales</em></span> <span class='ocrx_word' id='word_1_41' title='bbox 447 1355 605 1418; x_wconf 85' lang='lat' dir='ltr'><em>distantiis</em></span> <span class='ocrx_word' id='word_1_42' title='bbox 620 1361 788 1416; x_wconf 80' lang='lat' dir='ltr'><em>centromm</em></span> <span class='ocrx_word' id='word_1_43' title='bbox 803 1371 922 1414; x_wconf 72' lang='lat' dir='ltr'><em>suornm</em></span> <span class='ocrx_word' id='word_1_44' title='bbox 936 1370 968 1411; x_wconf 92' lang='lat' dir='ltr'><em>se</em></span> <span class='ocrx_word' id='word_1_45' title='bbox 980 1357 1081 1410; x_wconf 82' lang='lat' dir='ltr'><em>mutuo</em></span> <span class='ocrx_word' id='word_1_46' title='bbox 1094 1344 1261 1429; x_wconf 70' lang='lat' dir='ltr'><em>firgiemes</em></span> <span class='ocrx_word' id='word_1_47' title='bbox 1275 1347 1442 1424; x_wconf 66' lang='lat' dir='ltr'><em>componat</em></span> 
     </span>
     <span class='ocr_line' id='line_1_7' title="bbox 184 1452 1298 1552; baseline -0.012 -25"><span class='ocrx_word' id='word_1_48' title='bbox 184 1466 321 1552; x_wconf 81' lang='lat' dir='ltr'><em>fluidum</em></span> <span class='ocrx_word' id='word_1_49' title='bbox 336 1464 498 1539; x_wconf 78' lang='lat' dir='ltr'><em>elastiewn,</em></span> <span class='ocrx_word' id='word_1_50' title='bbox 514 1461 597 1545; x_wconf 68' lang='lat' dir='ltr'><em>cupies</em></span> <span class='ocrx_word' id='word_1_51' title='bbox 611 1462 745 1524; x_wconf 76' lang='lat' dir='ltr'><em>densitas</em></span> <span class='ocrx_word' id='word_1_52' title='bbox 760 1469 803 1523; x_wconf 88' lang='lat' dir='ltr'><em>est</em></span> <span class='ocrx_word' id='word_1_53' title='bbox 817 1457 1028 1539; x_wconf 84' lang='lat' dir='ltr'><em>compressioni</em></span> <span class='ocrx_word' id='word_1_54' title='bbox 1036 1452 1298 1536; x_wconf 84' lang='lat' dir='ltr'><em>proportionalis.</em></span> 
     </span>
    </p>
   </div>
   <div class='ocr_carea' id='block_1_5' title="bbox 146 1641 1446 4352">
    <p class='ocr_par' dir='ltr' id='par_1_5' title="bbox 146 1641 1442 2933">
     <span class='ocr_line' id='line_1_8' title="bbox 186 1641 1442 1740; baseline -0.01 -23"><span class='ocrx_word' id='word_1_55' title='bbox 186 1651 312 1717; x_wconf 85' lang='lat' dir='ltr'><em>Iucludi</em></span> <span class='ocrx_word' id='word_1_56' title='bbox 327 1651 519 1740; x_wconf 84' lang='lat' dir='ltr'><em>intelligatur</em></span> <span class='ocrx_word' id='word_1_57' title='bbox 533 1651 666 1715; x_wconf 90' lang='lat' dir='ltr'><em>fluidum</em></span> <span class='ocrx_word' id='word_1_58' title='bbox 681 1652 714 1714; x_wconf 89' lang='lat' dir='ltr'><em>in</em></span> <span class='ocrx_word' id='word_1_59' title='bbox 730 1650 831 1735; x_wconf 87' lang='lat' dir='ltr'><em>spatio</em></span> <span class='ocrx_word' id='word_1_60' title='bbox 847 1648 959 1712; x_wconf 89' lang='lat' dir='ltr'><em>cubico</em></span> <span class='ocrx_word' id='word_1_61' title='bbox 975 1646 1047 1711; x_wconf 91' lang='lat' dir='ltr'><em>AC</em></span> <span class='ocrx_word' id='word_1_62' title='bbox 1064 1645 1103 1723; x_wconf 86' lang='lat' dir='ltr'><em>E,</em></span> <span class='ocrx_word' id='word_1_63' title='bbox 1127 1645 1202 1708; x_wconf 89' lang='lat' dir='ltr'><em>dein</em></span> <span class='ocrx_word' id='word_1_64' title='bbox 1218 1641 1442 1727; x_wconf 75' lang='lat' dir='ltr'><em>compressione</em></span> 
     </span>
     <span class='ocr_line' id='line_1_9' title="bbox 146 1750 1441 1848; baseline -0.008 -24"><span class='ocrx_word' id='word_1_65' title='bbox 146 1760 248 1848; x_wconf 84' lang='lat' dir='ltr'><em>redigi</em></span> <span class='ocrx_word' id='word_1_66' title='bbox 262 1762 296 1824; x_wconf 90' lang='lat' dir='ltr'><em>in</em></span> <span class='ocrx_word' id='word_1_67' title='bbox 312 1762 447 1847; x_wconf 86' lang='lat' dir='ltr'><em>spatium</em></span> <span class='ocrx_word' id='word_1_68' title='bbox 463 1761 608 1825; x_wconf 90' lang='lat' dir='ltr'><strong>cubicum</strong></span> <span class='ocrx_word' id='word_1_69' title='bbox 631 1761 734 1823; x_wconf 90' lang='lat' dir='ltr'><em>miuus</em></span> <span class='ocrx_word' id='word_1_70' title='bbox 757 1781 860 1834; x_wconf 81' lang='lat' dir='ltr'><em>ace3</em></span> <span class='ocrx_word' id='word_1_71' title='bbox 884 1769 916 1821; x_wconf 89' lang='lat' dir='ltr'><em>et</em></span> <span class='ocrx_word' id='word_1_72' title='bbox 937 1754 1171 1840; x_wconf 81' lang='lat' dir='ltr'><em>particularum,</em></span> <span class='ocrx_word' id='word_1_73' title='bbox 1199 1750 1339 1816; x_wconf 83' lang='lat' dir='ltr'><em>similem</em></span> <span class='ocrx_word' id='word_1_74' title='bbox 1359 1750 1441 1813; x_wconf 66' lang='lat' dir='ltr'><em>eitun</em></span> 
     </span>
     <span class='ocr_line' id='line_1_10' title="bbox 147 1858 1441 1958; baseline -0.01 -25"><span class='ocrx_word' id='word_1_75' title='bbox 147 1871 230 1935; x_wconf 79' lang='lat' dir='ltr'><em>inter</em></span> <span class='ocrx_word' id='word_1_76' title='bbox 243 1873 321 1937; x_wconf 88' lang='lat' dir='ltr'><em>sein</em></span> <span class='ocrx_word' id='word_1_77' title='bbox 337 1884 470 1958; x_wconf 87' lang='lat' dir='ltr'><em>utroque</em></span> <span class='ocrx_word' id='word_1_78' title='bbox 486 1872 587 1957; x_wconf 86' lang='lat' dir='ltr'><em>spatio</em></span> <span class='ocrx_word' id='word_1_79' title='bbox 603 1870 820 1945; x_wconf 84' lang='lat' dir='ltr'><em>obtinentium,</em></span> <span class='ocrx_word' id='word_1_80' title='bbox 845 1868 884 1952; x_wconf 49' lang='grc' dir='ltr'><em>(θ)</em></span> <span class='ocrx_word' id='word_1_81' title='bbox 900 1865 1055 1930; x_wconf 74' lang='lat' dir='ltr'><em>distantiae</em></span> <span class='ocrx_word' id='word_1_82' title='bbox 1070 1876 1163 1928; x_wconf 89' lang='lat' dir='ltr'><em>eruut</em></span> <span class='ocrx_word' id='word_1_83' title='bbox 1178 1878 1213 1926; x_wconf 92' lang='lat' dir='ltr'><em>ut</em></span> <span class='ocrx_word' id='word_1_84' title='bbox 1230 1861 1386 1925; x_wconf 87' lang='lat' dir='ltr'><em>cuborum</em></span> <span class='ocrx_word' id='word_1_85' title='bbox 1404 1858 1441 1920; x_wconf 82' lang='lat' dir='ltr'><em>ls-</em></span> 
     </span>
     <span class='ocr_line' id='line_1_11' title="bbox 148 1968 1439 2066; baseline -0.009 -22"><span class='ocrx_word' id='word_1_86' title='bbox 148 1994 216 2044; x_wconf 85' lang='lat' dir='ltr'><em>tera</em></span> <span class='ocrx_word' id='word_1_87' title='bbox 232 1981 263 2044; x_wconf 89' lang='lat' dir='ltr'>A</span> <span class='ocrx_word' id='word_1_88' title='bbox 281 1980 319 2058; x_wconf 93' lang='lat' dir='ltr'><em>B,</em></span> <span class='ocrx_word' id='word_1_89' title='bbox 343 1981 416 2056; x_wconf 87' lang='lat' dir='ltr'><em>ab;</em></span> <span class='ocrx_word' id='word_1_90' title='bbox 440 1983 477 2066; x_wconf 78' lang='lat'><em>(⁰)</em></span> <span class='ocrx_word' id='word_1_91' title='bbox 493 1995 525 2045; x_wconf 89' lang='lat' dir='ltr'><em>et</em></span> <span class='ocrx_word' id='word_1_92' title='bbox 540 1981 715 2045; x_wconf 90' lang='lat' dir='ltr'><em>mediorum</em></span> <span class='ocrx_word' id='word_1_93' title='bbox 730 1979 899 2043; x_wconf 84' lang='lat' dir='ltr'><em>densitates</em></span> <span class='ocrx_word' id='word_1_94' title='bbox 915 1974 1073 2061; x_wconf 70' lang='lat' dir='ltr'><em>reciproci</em></span> <span class='ocrx_word' id='word_1_95' title='bbox 1089 1989 1125 2039; x_wconf 92' lang='lat' dir='ltr'><em>ut</em></span> <span class='ocrx_word' id='word_1_96' title='bbox 1140 1974 1245 2059; x_wconf 84' lang='lat' dir='ltr'><em>spatia</em></span> <span class='ocrx_word' id='word_1_97' title='bbox 1260 1968 1439 2036; x_wconf 73' lang='lat' dir='ltr'><em>continenti·</em></span> 
     </span>
     <span class='ocr_line' id='line_1_12' title="bbox 148 2079 1438 2173; baseline -0.009 -21"><span class='ocrx_word' id='word_1_98' title='bbox 148 2091 180 2152; x_wconf 93' lang='lat' dir='ltr'>A</span> <span class='ocrx_word' id='word_1_99' title='bbox 196 2088 226 2152; x_wconf 90' lang='grc' dir='ltr'>Β</span> <span class='ocrx_word' id='word_1_100' title='bbox 240 2090 311 2153; x_wconf 91' lang='lat' dir='ltr'><em>cub.</em></span> <span class='ocrx_word' id='word_1_101' title='bbox 327 2101 359 2153; x_wconf 88' lang='lat' dir='ltr'><em>et</em></span> <span class='ocrx_word' id='word_1_102' title='bbox 380 2089 434 2152; x_wconf 86' lang='lat' dir='ltr'><em>ab</em></span> <span class='ocrx_word' id='word_1_103' title='bbox 450 2089 521 2152; x_wconf 86' lang='lat' dir='ltr'><em>cub.</em></span> <span class='ocrx_word' id='word_1_104' title='bbox 567 2088 606 2152; x_wconf 92' lang='lat' dir='ltr'><em>Iu</em></span> <span class='ocrx_word' id='word_1_105' title='bbox 629 2089 702 2152; x_wconf 91' lang='lat' dir='ltr'><em>cubi</em></span> <span class='ocrx_word' id='word_1_106' title='bbox 725 2087 851 2173; x_wconf 85' lang='lat' dir='ltr'><em>majoris</em></span> <span class='ocrx_word' id='word_1_107' title='bbox 872 2084 969 2150; x_wconf 76' lang='lat' dir='ltr'><em>latere</em></span> <span class='ocrx_word' id='word_1_108' title='bbox 991 2084 1086 2168; x_wconf 83' lang='lat' dir='ltr'><em>plano</em></span> <span class='ocrx_word' id='word_1_109' title='bbox 1108 2084 1139 2147; x_wconf 94' lang='lat' dir='ltr'>A</span> <span class='ocrx_word' id='word_1_110' title='bbox 1158 2081 1187 2146; x_wconf 91' lang='lat' dir='ltr'><strong>B</strong></span> <span class='ocrx_word' id='word_1_111' title='bbox 1204 2081 1234 2146; x_wconf 94' lang='lat' dir='ltr'>C</span> <span class='ocrx_word' id='word_1_112' title='bbox 1252 2082 1286 2146; x_wconf 92' lang='lat' dir='ltr'>D</span> <span class='ocrx_word' id='word_1_113' title='bbox 1311 2079 1438 2164; x_wconf 78' lang='lat' dir='ltr'><em>mpintor</em></span> 
     </span>
     <span class='ocr_line' id='line_1_13' title="bbox 149 2197 669 2285; baseline -0.004 -24"><span class='ocrx_word' id='word_1_114' title='bbox 149 2198 337 2283; x_wconf 79' lang='lat' dir='ltr'><em>quadratum</em></span> <span class='ocrx_word' id='word_1_115' title='bbox 364 2199 397 2264; x_wconf 91' lang='lat' dir='ltr'>D</span> <span class='ocrx_word' id='word_1_116' title='bbox 423 2199 450 2263; x_wconf 93' lang='lat' dir='ltr'>P</span> <span class='ocrx_word' id='word_1_117' title='bbox 479 2199 600 2285; x_wconf 82' lang='lat' dir='ltr'><em>requale</em></span> <span class='ocrx_word' id='word_1_118' title='bbox 623 2197 669 2260; x_wconf 83' lang='lat' dir='ltr'><em>la-</em></span> 
     </span>
     <span class='ocr_line' id='line_1_14' title="bbox 148 2304 671 2390; baseline 0 -20"><span class='ocrx_word' id='word_1_119' title='bbox 148 2305 209 2370; x_wconf 87' lang='lat' dir='ltr'><em>teri</em></span> <span class='ocrx_word' id='word_1_120' title='bbox 231 2304 326 2390; x_wconf 82' lang='lat' dir='ltr'><em>plano</em></span> <span class='ocrx_word' id='word_1_121' title='bbox 349 2307 422 2370; x_wconf 91' lang='lat' dir='ltr'><em>cubi</em></span> <span class='ocrx_word' id='word_1_122' title='bbox 443 2307 574 2372; x_wconf 88' lang='lat' dir='ltr'><em>minoris</em></span> <span class='ocrx_word' id='word_1_123' title='bbox 595 2306 671 2383; x_wconf 91' lang='lat' dir='ltr'><em>db;</em></span> 
     </span>
     <span class='ocr_line' id='line_1_15' title="bbox 150 2413 671 2501; baseline 0 -23"><span class='ocrx_word' id='word_1_124' title='bbox 150 2425 182 2478; x_wconf 89' lang='lat' dir='ltr'><em>et</em></span> <span class='ocrx_word' id='word_1_125' title='bbox 197 2436 238 2478; x_wconf 84' lang='lat' dir='ltr'><em>ex</em></span> <span class='ocrx_word' id='word_1_126' title='bbox 253 2413 431 2501; x_wconf 88' lang='lat' dir='ltr'><em>hypothesi,</em></span> <span class='ocrx_word' id='word_1_127' title='bbox 451 2415 584 2500; x_wconf 90' lang='lat' dir='ltr'><em>pressio,</em></span> <span class='ocrx_word' id='word_1_128' title='bbox 609 2415 671 2500; x_wconf 76' lang='lat' dir='ltr'><em>quir</em></span> 
     </span>
     <span class='ocr_line' id='line_1_16' title="bbox 152 2521 736 2609; baseline 0.003 -25"><span class='ocrx_word' id='word_1_129' title='bbox 152 2521 340 2607; x_wconf 81' lang='lat' dir='ltr'><em>quadratum</em></span> <span class='ocrx_word' id='word_1_130' title='bbox 353 2521 386 2586; x_wconf 92' lang='lat' dir='ltr'>D</span> <span class='ocrx_word' id='word_1_131' title='bbox 403 2521 530 2609; x_wconf 84' lang='lat' dir='ltr'><em>Purget</em></span> <span class='ocrx_word' id='word_1_132' title='bbox 537 2521 669 2586; x_wconf 87' lang='lat' dir='ltr'><em>fluidum</em></span> <span class='ocrx_word' id='word_1_133' title='bbox 733 2543 736 2558; x_wconf 72' lang='lat'><em>³</em></span> 
     </span>
     <span class='ocr_line' id='line_1_17' title="bbox 150 2628 671 2715; baseline 0.006 -24"><span class='ocrx_word' id='word_1_134' title='bbox 150 2628 317 2707; x_wconf 71' lang='lat' dir='ltr'><em>inclusum,</em></span> <span class='ocrx_word' id='word_1_135' title='bbox 336 2631 396 2694; x_wconf 91' lang='lat' dir='ltr'><em>erit</em></span> <span class='ocrx_word' id='word_1_136' title='bbox 409 2630 450 2694; x_wconf 82' lang='lat' dir='ltr'><em>ad</em></span> <span class='ocrx_word' id='word_1_137' title='bbox 464 2631 671 2715; x_wconf 89' lang='lat' dir='ltr'><em>pressionem,</em></span> 
     </span>
     <span class='ocr_line' id='line_1_18' title="bbox 154 2737 738 2830; baseline 0.005 -31"><span class='ocrx_word' id='word_1_138' title='bbox 154 2737 216 2823; x_wconf 74' lang='lat' dir='ltr'><em>qui</em></span> <span class='ocrx_word' id='word_1_139' title='bbox 238 2737 319 2803; x_wconf 91' lang='lat' dir='ltr'><em>illud</em></span> <span class='ocrx_word' id='word_1_140' title='bbox 340 2740 527 2826; x_wconf 81' lang='lat' dir='ltr'><em>quadratum</em></span> <span class='ocrx_word' id='word_1_141' title='bbox 545 2739 672 2804; x_wconf 90' lang='lat' dir='ltr'><em>dbur-</em></span> <span class='ocrx_word' id='word_1_142' title='bbox 722 2781 738 2830; x_wconf 51' lang='grc' dir='ltr'>ἃ</span> 
     </span>
     <span class='ocr_line' id='line_1_19' title="bbox 153 2846 672 2933; baseline 0.002 -23"><span class='ocrx_word' id='word_1_143' title='bbox 153 2859 208 2933; x_wconf 82' lang='lat' dir='ltr'><em>get</em></span> <span class='ocrx_word' id='word_1_144' title='bbox 221 2846 353 2911; x_wconf 88' lang='lat' dir='ltr'><em>fluidum</em></span> <span class='ocrx_word' id='word_1_145' title='bbox 368 2848 534 2924; x_wconf 89' lang='lat' dir='ltr'><em>inclusum,</em></span> <span class='ocrx_word' id='word_1_146' title='bbox 557 2861 593 2911; x_wconf 91' lang='lat' dir='ltr'><em>ut</em></span> <span class='ocrx_word' id='word_1_147' title='bbox 606 2870 672 2911; x_wconf 89' lang='lat' dir='ltr'><em>me·</em></span> 
     </span>
    </p>

    <p class='ocr_par' dir='ltr' id='par_1_6' title="bbox 153 2955 672 3036">
     <span class='ocr_line' id='line_1_20' title="bbox 153 2955 672 3036; baseline 0.006 -18"><span class='ocrx_word' id='word_1_148' title='bbox 153 2955 198 3018; x_wconf 91' lang='lat' dir='ltr'><em>dii</em></span> <span class='ocrx_word' id='word_1_149' title='bbox 213 2955 381 3022; x_wconf 78' lang='lat' dir='ltr'><em>densitates</em></span> <span class='ocrx_word' id='word_1_150' title='bbox 397 2958 438 3022; x_wconf 83' lang='lat' dir='ltr'><em>ad</em></span> <span class='ocrx_word' id='word_1_151' title='bbox 453 2958 597 3036; x_wconf 85' lang='lat' dir='ltr'><em>invicem,</em></span> <span class='ocrx_word' id='word_1_152' title='bbox 610 2958 672 3022; x_wconf 91' lang='lat' dir='ltr'><em>hoc</em></span> 
     </span>
    </p>

    <p class='ocr_par' dir='ltr' id='par_1_7' title="bbox 152 3066 666 3139">
     <span class='ocr_line' id='line_1_21' title="bbox 152 3066 666 3139; baseline 0.006 -13"><span class='ocrx_word' id='word_1_153' title='bbox 152 3077 208 3139; x_wconf 87' lang='lat' dir='ltr'><em>est,</em></span> <span class='ocrx_word' id='word_1_154' title='bbox 235 3077 270 3127; x_wconf 90' lang='lat' dir='ltr'><em>ut</em></span> <span class='ocrx_word' id='word_1_155' title='bbox 285 3066 339 3130; x_wconf 87' lang='lat' dir='ltr'><em>ab</em></span> <span class='ocrx_word' id='word_1_156' title='bbox 354 3068 425 3131; x_wconf 91' lang='lat' dir='ltr'><em>cub.</em></span> <span class='ocrx_word' id='word_1_157' title='bbox 441 3066 482 3130; x_wconf 82' lang='lat' dir='ltr'><em>ad</em></span> <span class='ocrx_word' id='word_1_158' title='bbox 499 3068 529 3130; x_wconf 91' lang='lat' dir='ltr'>A</span> <span class='ocrx_word' id='word_1_159' title='bbox 547 3066 575 3131; x_wconf 92' lang='lat' dir='ltr'>B</span> <span class='ocrx_word' id='word_1_160' title='bbox 596 3066 666 3130; x_wconf 91' lang='lat' dir='ltr'><em>cub.</em></span> 
     </span>
    </p>

    <p class='ocr_par' dir='ltr' id='par_1_8' title="bbox 152 3169 1446 4352">
     <span class='ocr_line' id='line_1_22' title="bbox 154 3169 1443 3263; baseline -0.005 -25"><span class='ocrx_word' id='word_1_161' title='bbox 154 3173 216 3238; x_wconf 85' lang='lat' dir='ltr'><em>Sed</em></span> <span class='ocrx_word' id='word_1_162' title='bbox 232 3176 361 3257; x_wconf 89' lang='lat' dir='ltr'><em>pressio,</em></span> <span class='ocrx_word' id='word_1_163' title='bbox 379 3177 440 3263; x_wconf 73' lang='lat' dir='ltr'><em>qui</em></span> <span class='ocrx_word' id='word_1_164' title='bbox 456 3176 644 3261; x_wconf 81' lang='lat' dir='ltr'><em>quadratum</em></span> <span class='ocrx_word' id='word_1_165' title='bbox 660 3176 693 3239; x_wconf 94' lang='lat' dir='ltr'><strong>D</strong></span> <span class='ocrx_word' id='word_1_166' title='bbox 711 3174 739 3237; x_wconf 91' lang='lat' dir='ltr'>B</span> <span class='ocrx_word' id='word_1_167' title='bbox 755 3187 846 3261; x_wconf 86' lang='lat' dir='ltr'><em>urget</em></span> <span class='ocrx_word' id='word_1_168' title='bbox 860 3173 992 3236; x_wconf 88' lang='lat' dir='ltr'><em>fluidum</em></span> <span class='ocrx_word' id='word_1_169' title='bbox 1009 3171 1174 3247; x_wconf 89' lang='lat' dir='ltr'><em>inclusum,</em></span> <span class='ocrx_word' id='word_1_170' title='bbox 1198 3188 1251 3235; x_wconf 85' lang='lat' dir='ltr'><em>est</em></span> <span class='ocrx_word' id='word_1_171' title='bbox 1267 3172 1309 3235; x_wconf 85' lang='lat' dir='ltr'><em>od</em></span> <span class='ocrx_word' id='word_1_172' title='bbox 1324 3169 1443 3257; x_wconf 83' lang='lat' dir='ltr'><em>pressit·</em></span> 
     </span>
     <span class='ocr_line' id='line_1_23' title="bbox 152 3277 1444 3369; baseline -0.002 -27"><span class='ocrx_word' id='word_1_173' title='bbox 152 3299 234 3357; x_wconf 88' lang='lat' dir='ltr'><em>nem,</em></span> <span class='ocrx_word' id='word_1_174' title='bbox 251 3280 312 3365; x_wconf 78' lang='lat' dir='ltr'><em>quir</em></span> <span class='ocrx_word' id='word_1_175' title='bbox 329 3283 515 3367; x_wconf 83' lang='lat' dir='ltr'><em>quadratum</em></span> <span class='ocrx_word' id='word_1_176' title='bbox 531 3285 564 3348; x_wconf 94' lang='lat' dir='ltr'><strong>D</strong></span> <span class='ocrx_word' id='word_1_177' title='bbox 583 3284 610 3346; x_wconf 94' lang='lat' dir='ltr'><strong>P</strong></span> <span class='ocrx_word' id='word_1_178' title='bbox 626 3296 716 3369; x_wconf 82' lang='lat' dir='ltr'><em>urget</em></span> <span class='ocrx_word' id='word_1_179' title='bbox 731 3281 814 3344; x_wconf 90' lang='lat' dir='ltr'><em>idem</em></span> <span class='ocrx_word' id='word_1_180' title='bbox 828 3279 970 3356; x_wconf 88' lang='lat' dir='ltr'><em>fluidum,</em></span> <span class='ocrx_word' id='word_1_181' title='bbox 988 3291 1023 3342; x_wconf 91' lang='lat' dir='ltr'><em>ut</em></span> <span class='ocrx_word' id='word_1_182' title='bbox 1034 3277 1225 3363; x_wconf 76' lang='lat' dir='ltr'><em>quadratum</em></span> <span class='ocrx_word' id='word_1_183' title='bbox 1239 3279 1274 3343; x_wconf 91' lang='lat' dir='ltr'>D</span> <span class='ocrx_word' id='word_1_184' title='bbox 1290 3279 1318 3342; x_wconf 88' lang='grc' dir='ltr'>Β</span> <span class='ocrx_word' id='word_1_185' title='bbox 1333 3277 1444 3363; x_wconf 78' lang='lat' dir='ltr'><em>ndqur·</em></span> 
     </span>
     <span class='ocr_line' id='line_1_24' title="bbox 152 3370 1445 3477; baseline -0.002 -25"><span class='ocrx_word' id='word_1_186' title='bbox 152 3388 278 3452; x_wconf 85' lang='lat' dir='ltr'><em>dratum</em></span> <span class='ocrx_word' id='word_1_187' title='bbox 294 3391 328 3455; x_wconf 94' lang='lat' dir='ltr'>D</span> <span class='ocrx_word' id='word_1_188' title='bbox 345 3391 382 3467; x_wconf 90' lang='lat' dir='ltr'><em>P,</em></span> <span class='ocrx_word' id='word_1_189' title='bbox 398 3390 459 3454; x_wconf 88' lang='lat' dir='ltr'><em>hoc</em></span> <span class='ocrx_word' id='word_1_190' title='bbox 475 3407 530 3469; x_wconf 88' lang='lat' dir='ltr'><em>est,</em></span> <span class='ocrx_word' id='word_1_191' title='bbox 548 3407 583 3456; x_wconf 93' lang='lat' dir='ltr'><em>ut</em></span> <span class='ocrx_word' id='word_1_192' title='bbox 598 3394 629 3457; x_wconf 92' lang='lat' dir='ltr'>A</span> <span class='ocrx_word' id='word_1_193' title='bbox 647 3393 675 3456; x_wconf 91' lang='grc' dir='ltr'>Β</span> <span class='ocrx_word' id='word_1_194' title='bbox 691 3391 785 3477; x_wconf 81' lang='lat' dir='ltr'><em>quad.</em></span> <span class='ocrx_word' id='word_1_195' title='bbox 797 3391 868 3454; x_wconf 82' lang='lat' dir='ltr'><em>eda</em></span> <span class='ocrx_word' id='word_1_196' title='bbox 884 3391 904 3454; x_wconf 95' lang='lat' dir='ltr'>b</span> <span class='ocrx_word' id='word_1_197' title='bbox 920 3370 1012 3475; x_wconf 86' lang='lat' dir='ltr'><em>quad.</em></span> <span class='ocrx_word' id='word_1_198' title='bbox 1060 3389 1159 3475; x_wconf 87' lang='lat' dir='ltr'><em>Ergo,</em></span> <span class='ocrx_word' id='word_1_199' title='bbox 1183 3412 1226 3452; x_wconf 87' lang='lat' dir='ltr'><em>ex</em></span> <span class='ocrx_word' id='word_1_200' title='bbox 1243 3413 1348 3477; x_wconf 79' lang='lat' dir='ltr'><em>oequo,</em></span> <span class='ocrx_word' id='word_1_201' title='bbox 1370 3409 1445 3473; x_wconf 86' lang='lat' dir='ltr'><em>pres·</em></span> 
     </span>
     <span class='ocr_line' id='line_1_25' title="bbox 153 3496 1445 3585; baseline 0 -26"><span class='ocrx_word' id='word_1_202' title='bbox 153 3498 200 3560; x_wconf 89' lang='lat' dir='ltr'><em>sio</em></span> <span class='ocrx_word' id='word_1_203' title='bbox 216 3496 277 3582; x_wconf 74' lang='lat' dir='ltr'><em>qui</em></span> <span class='ocrx_word' id='word_1_204' title='bbox 293 3497 481 3582; x_wconf 82' lang='lat' dir='ltr'><em>quadratum</em></span> <span class='ocrx_word' id='word_1_205' title='bbox 497 3499 530 3562; x_wconf 94' lang='lat' dir='ltr'>D</span> <span class='ocrx_word' id='word_1_206' title='bbox 548 3500 576 3563; x_wconf 91' lang='lat' dir='ltr'><strong>B</strong></span> <span class='ocrx_word' id='word_1_207' title='bbox 592 3512 683 3584; x_wconf 85' lang='lat' dir='ltr'><em>urget</em></span> <span class='ocrx_word' id='word_1_208' title='bbox 696 3497 840 3574; x_wconf 87' lang='lat' dir='ltr'><em>fluidum,</em></span> <span class='ocrx_word' id='word_1_209' title='bbox 857 3512 905 3561; x_wconf 93' lang='lat' dir='ltr'><em>est</em></span> <span class='ocrx_word' id='word_1_210' title='bbox 919 3496 959 3560; x_wconf 83' lang='lat' dir='ltr'><em>nd</em></span> <span class='ocrx_word' id='word_1_211' title='bbox 974 3497 1169 3581; x_wconf 86' lang='lat' dir='ltr'><em>pressionem</em></span> <span class='ocrx_word' id='word_1_212' title='bbox 1185 3498 1252 3583; x_wconf 78' lang='lat' dir='ltr'><em>quir</em></span> <span class='ocrx_word' id='word_1_213' title='bbox 1269 3497 1445 3585; x_wconf 72' lang='lat' dir='ltr'><em>quadratum</em></span> 
     </span>
     <span class='ocr_line' id='line_1_26' title="bbox 153 3605 1446 3695; baseline -0.002 -25"><span class='ocrx_word' id='word_1_214' title='bbox 153 3606 175 3669; x_wconf 89' lang='lat' dir='ltr'><em>d</em></span> <span class='ocrx_word' id='word_1_215' title='bbox 189 3607 212 3671; x_wconf 98' lang='lat' dir='ltr'>b</span> <span class='ocrx_word' id='word_1_216' title='bbox 227 3622 318 3695; x_wconf 85' lang='lat' dir='ltr'><em>urget</em></span> <span class='ocrx_word' id='word_1_217' title='bbox 331 3609 474 3686; x_wconf 89' lang='lat' dir='ltr'><em>fluidum,</em></span> <span class='ocrx_word' id='word_1_218' title='bbox 491 3621 526 3672; x_wconf 91' lang='lat' dir='ltr'><em>ut</em></span> <span class='ocrx_word' id='word_1_219' title='bbox 542 3610 597 3674; x_wconf 87' lang='lat' dir='ltr'><em>ab</em></span> <span class='ocrx_word' id='word_1_220' title='bbox 612 3610 652 3673; x_wconf 86' lang='lat' dir='ltr'><em>ud</em></span> <span class='ocrx_word' id='word_1_221' title='bbox 669 3610 699 3672; x_wconf 93' lang='lat' dir='ltr'>A</span> <span class='ocrx_word' id='word_1_222' title='bbox 718 3610 756 3675; x_wconf 91' lang='lat' dir='ltr'><em>B.</em></span> <span class='ocrx_word' id='word_1_223' title='bbox 807 3607 909 3671; x_wconf 82' lang='lat' dir='ltr'><em>l‘lanis</em></span> <span class='ocrx_word' id='word_1_224' title='bbox 927 3607 999 3670; x_wconf 89' lang='lat' dir='ltr'><em>FG</em></span> <span class='ocrx_word' id='word_1_225' title='bbox 1016 3607 1062 3682; x_wconf 85' lang='lat' dir='ltr'><em>II,</em></span> <span class='ocrx_word' id='word_1_226' title='bbox 1087 3605 1136 3693; x_wconf 85' lang='lat' dir='ltr'><em>fg</em></span> <span class='ocrx_word' id='word_1_227' title='bbox 1152 3606 1185 3683; x_wconf 94' lang='lat' dir='ltr'><em>h,</em></span> <span class='ocrx_word' id='word_1_228' title='bbox 1211 3606 1391 3691; x_wconf 69' lang='lat' dir='ltr'><em>permedia</em></span> <span class='ocrx_word' id='word_1_229' title='bbox 1403 3626 1446 3668; x_wconf 83' lang='lat' dir='ltr'><em>cu·</em></span> 
     </span>
     <span class='ocr_line' id='line_1_27' title="bbox 152 3713 1445 3805; baseline -0.001 -27"><span class='ocrx_word' id='word_1_230' title='bbox 152 3714 265 3778; x_wconf 89' lang='lat' dir='ltr'><em>borum</em></span> <span class='ocrx_word' id='word_1_231' title='bbox 281 3716 394 3793; x_wconf 86' lang='lat' dir='ltr'><em>ductis,</em></span> <span class='ocrx_word' id='word_1_232' title='bbox 411 3716 620 3805; x_wconf 84' lang='lat' dir='ltr'><em>distinguatur</em></span> <span class='ocrx_word' id='word_1_233' title='bbox 634 3718 766 3781; x_wconf 88' lang='lat' dir='ltr'><em>fluidum</em></span> <span class='ocrx_word' id='word_1_234' title='bbox 782 3718 814 3780; x_wconf 89' lang='lat' dir='ltr'><em>iu</em></span> <span class='ocrx_word' id='word_1_235' title='bbox 830 3716 907 3779; x_wconf 84' lang='lat' dir='ltr'><em>duas</em></span> <span class='ocrx_word' id='word_1_236' title='bbox 921 3728 1036 3800; x_wconf 79' lang='lat' dir='ltr'><em>partes,</em></span> <span class='ocrx_word' id='word_1_237' title='bbox 1054 3713 1094 3798; x_wconf 52' lang='grc' dir='ltr'><em>(ά)</em></span> <span class='ocrx_word' id='word_1_238' title='bbox 1105 3728 1136 3778; x_wconf 89' lang='lat' dir='ltr'><em>et</em></span> <span class='ocrx_word' id='word_1_239' title='bbox 1148 3715 1200 3778; x_wconf 84' lang='lat' dir='ltr'><em>hae</em></span> <span class='ocrx_word' id='word_1_240' title='bbox 1213 3740 1249 3780; x_wconf 90' lang='lat' dir='ltr'><em>se</em></span> <span class='ocrx_word' id='word_1_241' title='bbox 1266 3730 1378 3780; x_wconf 89' lang='lat' dir='ltr'><em>mutuo</em></span> <span class='ocrx_word' id='word_1_242' title='bbox 1387 3736 1445 3800; x_wconf 87' lang='lat' dir='ltr'><em>pre·</em></span> 
     </span>
     <span class='ocr_line' id='line_1_28' title="bbox 153 3821 1444 3910; baseline 0.004 -26"><span class='ocrx_word' id='word_1_243' title='bbox 153 3835 241 3886; x_wconf 88' lang='lat' dir='ltr'><em>ment</em></span> <span class='ocrx_word' id='word_1_244' title='bbox 255 3824 365 3887; x_wconf 88' lang='lat' dir='ltr'><em>iisdem</em></span> <span class='ocrx_word' id='word_1_245' title='bbox 382 3824 507 3901; x_wconf 90' lang='lat' dir='ltr'><em>viribus,</em></span> <span class='ocrx_word' id='word_1_246' title='bbox 525 3825 638 3910; x_wconf 91' lang='lat' dir='ltr'><em>quibus</em></span> <span class='ocrx_word' id='word_1_247' title='bbox 654 3837 839 3908; x_wconf 88' lang='lat' dir='ltr'><em>premuntur</em></span> <span class='ocrx_word' id='word_1_248' title='bbox 854 3846 872 3886; x_wconf 87' lang='lat' dir='ltr'><strong>a</strong></span> <span class='ocrx_word' id='word_1_249' title='bbox 887 3821 988 3907; x_wconf 84' lang='lat' dir='ltr'><em>planis</em></span> <span class='ocrx_word' id='word_1_250' title='bbox 1003 3822 1034 3884; x_wconf 95' lang='lat' dir='ltr'>A</span> <span class='ocrx_word' id='word_1_251' title='bbox 1048 3823 1086 3898; x_wconf 88' lang='lat' dir='ltr'><em>C,</em></span> <span class='ocrx_word' id='word_1_252' title='bbox 1104 3846 1122 3885; x_wconf 87' lang='lat' dir='ltr'><strong>a</strong></span> <span class='ocrx_word' id='word_1_253' title='bbox 1137 3846 1166 3900; x_wconf 90' lang='lat' dir='ltr'><em>c,</em></span> <span class='ocrx_word' id='word_1_254' title='bbox 1183 3823 1250 3888; x_wconf 90' lang='lat' dir='ltr'><em>hoc</em></span> <span class='ocrx_word' id='word_1_255' title='bbox 1266 3840 1326 3903; x_wconf 84' lang='lat' dir='ltr'><em>est,</em></span> <span class='ocrx_word' id='word_1_256' title='bbox 1339 3824 1371 3888; x_wconf 87' lang='lat' dir='ltr'><em>iu</em></span> <span class='ocrx_word' id='word_1_257' title='bbox 1384 3844 1444 3909; x_wconf 78' lang='lat' dir='ltr'><em>pm·</em></span> 
     </span>
     <span class='ocr_line' id='line_1_29' title="bbox 153 3931 1444 4020; baseline 0.005 -28"><span class='ocrx_word' id='word_1_258' title='bbox 153 3931 297 4013; x_wconf 88' lang='lat' dir='ltr'><em>portione</em></span> <span class='ocrx_word' id='word_1_259' title='bbox 321 3955 341 3995; x_wconf 84' lang='lat' dir='ltr'><strong>a</strong></span> <span class='ocrx_word' id='word_1_260' title='bbox 362 3932 440 3996; x_wconf 84' lang='lat' dir='ltr'><em>bod</em></span> <span class='ocrx_word' id='word_1_261' title='bbox 457 3933 487 3996; x_wconf 95' lang='lat' dir='ltr'>A</span> <span class='ocrx_word' id='word_1_262' title='bbox 505 3932 550 3997; x_wconf 89' lang='lat' dir='ltr'><em>B:</em></span> <span class='ocrx_word' id='word_1_263' title='bbox 575 3933 710 4019; x_wconf 73' lang='lat' dir='ltr'><em>ideoque</em></span> <span class='ocrx_word' id='word_1_264' title='bbox 736 3955 816 3996; x_wconf 75' lang='lat' dir='ltr'><em>vires</em></span> <span class='ocrx_word' id='word_1_265' title='bbox 843 3931 1036 4018; x_wconf 80' lang='lat' dir='ltr'><em>centrifugoe,</em></span> <span class='ocrx_word' id='word_1_266' title='bbox 1068 3932 1184 4015; x_wconf 89' lang='lat' dir='ltr'><em>quibus</em></span> <span class='ocrx_word' id='word_1_267' title='bbox 1207 3933 1262 3998; x_wconf 82' lang='lat' dir='ltr'><em>hae</em></span> <span class='ocrx_word' id='word_1_268' title='bbox 1286 3934 1444 4020; x_wconf 69' lang='lat' dir='ltr'><em>pressione</em></span> 
     </span>
     <span class='ocr_line' id='line_1_30' title="bbox 154 4041 1443 4125; baseline 0.009 -25"><span class='ocrx_word' id='word_1_269' title='bbox 154 4041 357 4118; x_wconf 88' lang='lat' dir='ltr'><em>sustinentur,</em></span> <span class='ocrx_word' id='word_1_270' title='bbox 374 4044 495 4106; x_wconf 90' lang='lat' dir='ltr'><em>suntin</em></span> <span class='ocrx_word' id='word_1_271' title='bbox 511 4042 621 4106; x_wconf 75' lang='lat' dir='ltr'><em>eidem</em></span> <span class='ocrx_word' id='word_1_272' title='bbox 637 4043 767 4106; x_wconf 84' lang='lat' dir='ltr'><em>ratione.</em></span> <span class='ocrx_word' id='word_1_273' title='bbox 814 4042 867 4107; x_wconf 95' lang='lat' dir='ltr'><em>Ob</em></span> <span class='ocrx_word' id='word_1_274' title='bbox 883 4042 1017 4106; x_wconf 89' lang='lat' dir='ltr'><em>eundem</em></span> <span class='ocrx_word' id='word_1_275' title='bbox 1039 4043 1271 4125; x_wconf 84' lang='lat' dir='ltr'><em>particularum</em></span> <span class='ocrx_word' id='word_1_276' title='bbox 1295 4063 1443 4110; x_wconf 77' lang='lat' dir='ltr'><em>numerum</em></span> 
     </span>
     <span class='ocr_line' id='line_1_31' title="bbox 153 4148 1442 4239; baseline 0.007 -30"><span class='ocrx_word' id='word_1_277' title='bbox 153 4148 346 4236; x_wconf 88' lang='lat' dir='ltr'><em>similemque</em></span> <span class='ocrx_word' id='word_1_278' title='bbox 362 4154 455 4216; x_wconf 89' lang='lat' dir='ltr'><em>situm</em></span> <span class='ocrx_word' id='word_1_279' title='bbox 472 4154 502 4214; x_wconf 91' lang='lat' dir='ltr'><em>in</em></span> <span class='ocrx_word' id='word_1_280' title='bbox 520 4167 656 4239; x_wconf 91' lang='lat' dir='ltr'><em>utroque</em></span> <span class='ocrx_word' id='word_1_281' title='bbox 671 4152 763 4229; x_wconf 91' lang='lat' dir='ltr'><em>cubo,</em></span> <span class='ocrx_word' id='word_1_282' title='bbox 780 4154 861 4216; x_wconf 85' lang='lat' dir='ltr'><em>vires</em></span> <span class='ocrx_word' id='word_1_283' title='bbox 877 4176 954 4239; x_wconf 83' lang='lat' dir='ltr'><em>quas</em></span> <span class='ocrx_word' id='word_1_284' title='bbox 969 4153 1132 4237; x_wconf 83' lang='lat' dir='ltr'><em>particulae</em></span> <span class='ocrx_word' id='word_1_285' title='bbox 1148 4177 1264 4220; x_wconf 89' lang='lat' dir='ltr'><em>omnes</em></span> <span class='ocrx_word' id='word_1_286' title='bbox 1289 4156 1442 4223; x_wconf 84' lang='lat' dir='ltr'><em>secuudum</em></span> 
     </span>
     <span class='ocr_line' id='line_1_32' title="bbox 153 4255 1443 4352; baseline 0.006 -36"><span class='ocrx_word' id='word_1_287' title='bbox 153 4255 248 4337; x_wconf 84' lang='lat' dir='ltr'><em>plana</em></span> <span class='ocrx_word' id='word_1_288' title='bbox 264 4258 291 4321; x_wconf 91' lang='lat' dir='ltr'><strong>F</strong></span> <span class='ocrx_word' id='word_1_289' title='bbox 308 4259 340 4322; x_wconf 92' lang='lat' dir='ltr'>G</span> <span class='ocrx_word' id='word_1_290' title='bbox 354 4259 400 4336; x_wconf 92' lang='lat' dir='ltr'><em>H,</em></span> <span class='ocrx_word' id='word_1_291' title='bbox 417 4259 435 4322; x_wconf 86' lang='lat' dir='ltr'><em>i</em></span> <span class='ocrx_word' id='word_1_292' title='bbox 443 4258 501 4347; x_wconf 83' lang='lat' dir='ltr'><em>gh</em></span> <span class='ocrx_word' id='word_1_293' title='bbox 518 4273 666 4323; x_wconf 82' lang='lat' dir='ltr'><em>exercent</em></span> <span class='ocrx_word' id='word_1_294' title='bbox 680 4261 712 4322; x_wconf 91' lang='lat' dir='ltr'><em>in</em></span> <span class='ocrx_word' id='word_1_295' title='bbox 728 4282 847 4337; x_wconf 90' lang='lat' dir='ltr'><em>omues,</em></span> <span class='ocrx_word' id='word_1_296' title='bbox 874 4273 948 4323; x_wconf 90' lang='lat' dir='ltr'><em>sunt</em></span> <span class='ocrx_word' id='word_1_297' title='bbox 962 4272 997 4323; x_wconf 89' lang='lat' dir='ltr'><em>ut</em></span> <span class='ocrx_word' id='word_1_298' title='bbox 1010 4260 1093 4322; x_wconf 88' lang='lat' dir='ltr'><em>vires</em></span> <span class='ocrx_word' id='word_1_299' title='bbox 1108 4283 1189 4346; x_wconf 83' lang='lat' dir='ltr'><em>quas</em></span> <span class='ocrx_word' id='word_1_300' title='bbox 1213 4264 1351 4352; x_wconf 74' lang='lat' dir='ltr'><em>singulte</em></span> <span class='ocrx_word' id='word_1_301' title='bbox 1371 4282 1443 4328; x_wconf 82' lang='lat' dir='ltr'><em>exer·</em></span> 
     </span>
    </p>
   </div>
   <div class='ocr_carea' id='block_1_6' title="bbox 153 4444 1445 4598">
    <p class='ocr_par' dir='ltr' id='par_1_9' title="bbox 153 4444 1445 4598">
     <span class='ocr_line' id='line_1_33' title="bbox 187 4444 1445 4520; baseline 0.005 -26"><span class='ocrx_word' id='word_1_302' title='bbox 187 4444 221 4509; x_wconf 62' lang='lat'><em>(⁶)</em></span> <span class='ocrx_word' id='word_1_303' title='bbox 234 4450 247 4476; x_wconf 73' lang='lat'><strong>⁹</strong></span> <span class='ocrx_word' id='word_1_304' title='bbox 261 4451 387 4498; x_wconf 80' lang='lat' dir='ltr'><em>Distantiae</em></span> <span class='ocrx_word' id='word_1_305' title='bbox 399 4460 470 4499; x_wconf 71' lang='lat' dir='ltr'><em>erum</em></span> <span class='ocrx_word' id='word_1_306' title='bbox 481 4462 507 4500; x_wconf 84' lang='lat' dir='ltr'><em>ut</em></span> <span class='ocrx_word' id='word_1_307' title='bbox 519 4454 633 4501; x_wconf 78' lang='lat' dir='ltr'><em>cuborum</em></span> <span class='ocrx_word' id='word_1_308' title='bbox 644 4455 716 4500; x_wconf 83' lang='lat' dir='ltr'><em>latera</em></span> <span class='ocrx_word' id='word_1_309' title='bbox 725 4456 748 4499; x_wconf 88' lang='lat' dir='ltr'>A</span> <span class='ocrx_word' id='word_1_310' title='bbox 757 4455 788 4509; x_wconf 79' lang='lat' dir='ltr'><em>o,</em></span> <span class='ocrx_word' id='word_1_311' title='bbox 823 4453 865 4499; x_wconf 75' lang='grc' dir='ltr'><em>διο.</em></span> <span class='ocrx_word' id='word_1_312' title='bbox 904 4451 1038 4498; x_wconf 78' lang='lat' dir='ltr'><em>Pressioues</em></span> <span class='ocrx_word' id='word_1_313' title='bbox 1048 4451 1112 4498; x_wconf 85' lang='lat' dir='ltr'><em>euim</em></span> <span class='ocrx_word' id='word_1_314' title='bbox 1124 4452 1150 4499; x_wconf 91' lang='lat' dir='ltr'><em>in</em></span> <span class='ocrx_word' id='word_1_315' title='bbox 1162 4470 1313 4520; x_wconf 80' lang='lat' dir='ltr'><em>unoquoque</em></span> <span class='ocrx_word' id='word_1_316' title='bbox 1323 4456 1394 4518; x_wconf 62' lang='lat' dir='ltr'><em>mio</em></span> <span class='ocrx_word' id='word_1_317' title='bbox 1402 4462 1445 4500; x_wconf 66' lang='lat' dir='ltr'><em>sun</em></span> 
     </span>
     <span class='ocr_line' id='line_1_34' title="bbox 153 4512 1445 4598; baseline 0.011 -43"><span class='ocrx_word' id='word_1_318' title='bbox 153 4512 201 4563; x_wconf 82' lang='lat' dir='ltr'><em>at.</em></span> <span class='ocrx_word' id='word_1_319' title='bbox 214 4526 254 4569; x_wconf 73' lang='lat' dir='ltr'><em>per</em></span> <span class='ocrx_word' id='word_1_320' title='bbox 267 4512 366 4560; x_wconf 75' lang='lat' dir='ltr'><em>Iaernmr</em></span> <span class='ocrx_word' id='word_1_321' title='bbox 377 4515 407 4561; x_wconf 87' lang='lat' dir='ltr'><em>V.</em></span> <span class='ocrx_word' id='word_1_322' title='bbox 422 4515 476 4563; x_wconf 87' lang='lat' dir='ltr'><em>Lib.</em></span> <span class='ocrx_word' id='word_1_323' title='bbox 492 4516 514 4562; x_wconf 87' lang='lat'><em>1.</em></span> <span class='ocrx_word' id='word_1_324' title='bbox 637 4544 639 4549; x_wconf 68' lang='lat'>›</span> <span class='ocrx_word' id='word_1_325' title='bbox 822 4518 910 4578; x_wconf 88' lang='lat' dir='ltr'><em>ubique</em></span> <span class='ocrx_word' id='word_1_326' title='bbox 927 4516 1042 4590; x_wconf 52' lang='lat' dir='ltr'><em>equalem</em></span> <span class='ocrx_word' id='word_1_327' title='bbox 1067 4531 1124 4563; x_wconf 75' lang='lat' dir='ltr'><em>unm</em></span> <span class='ocrx_word' id='word_1_328' title='bbox 1144 4518 1202 4592; x_wconf 63' lang='lat' dir='ltr'><em>cium</em></span> <span class='ocrx_word' id='word_1_329' title='bbox 1225 4520 1330 4598; x_wconf 81' lang='lat' dir='ltr'><em>liutdurp</em></span> <span class='ocrx_word' id='word_1_330' title='bbox 1347 4521 1445 4568; x_wconf 68' lang='lat' dir='ltr'><em>unitum</em></span> 
     </span>
    </p>
   </div>
   <div class='ocr_carea' id='block_1_7' title="bbox 155 4582 1446 4834">
    <p class='ocr_par' dir='ltr' id='par_1_10' title="bbox 155 4582 1446 4834">
     <span class='ocr_line' id='line_1_35' title="bbox 189 4582 1445 4666; baseline 0.009 -17"><span class='ocrx_word' id='word_1_331' title='bbox 189 4601 245 4665; x_wconf 77' lang='lat'>(‘)&#39;</span> <span class='ocrx_word' id='word_1_332' title='bbox 256 4607 288 4651; x_wconf 84' lang='lat' dir='ltr'><em>Et</em></span> <span class='ocrx_word' id='word_1_333' title='bbox 300 4610 428 4656; x_wconf 83' lang='lat' dir='ltr'><em>mediorum</em></span> <span class='ocrx_word' id='word_1_334' title='bbox 439 4610 664 4666; x_wconf 50' lang='lat' dir='ltr'><em>denimentis.</em></span> <span class='ocrx_word' id='word_1_335' title='bbox 675 4607 790 4656; x_wconf 65' lang='lat' dir='ltr'><em>obditam</em></span> <span class='ocrx_word' id='word_1_336' title='bbox 822 4591 975 4656; x_wconf 62' lang='lat' dir='ltr'><em>³⁰IP⁰¹I⁸¹¹¹¹3</em></span> <span class='ocrx_word' id='word_1_337' title='bbox 995 4596 1013 4625; x_wconf 76' lang='lat'><em>⁸¹</em></span> <span class='ocrx_word' id='word_1_338' title='bbox 1050 4596 1060 4654; x_wconf 66' lang='lat' dir='ltr'>I</span> <span class='ocrx_word' id='word_1_339' title='bbox 1098 4582 1121 4627; x_wconf 50' lang='lat'><em>5⁰</em></span> <span class='ocrx_word' id='word_1_340' title='bbox 1138 4598 1220 4630; x_wconf 72' lang='lat'>&#39;⁰¹⁰⁰&#39;</span> <span class='ocrx_word' id='word_1_341' title='bbox 1238 4598 1336 4658; x_wconf 62' lang='lat'>‚⁰⁹⁰⁰</span> <span class='ocrx_word' id='word_1_342' title='bbox 1347 4601 1392 4633; x_wconf 68' lang='lat'><em>¹²⁰⁰</em></span> <span class='ocrx_word' id='word_1_343' title='bbox 1405 4586 1445 4630; x_wconf 54' lang='grc' dir='ltr'>ω</span> 
     </span>
     <span class='ocr_line' id='line_1_36' title="bbox 155 4645 1446 4768; baseline 0.015 -58"><span class='ocrx_word' id='word_1_344' title='bbox 155 4663 180 4711; x_wconf 71' lang='lat' dir='ltr'><em>ru</em></span> <span class='ocrx_word' id='word_1_345' title='bbox 192 4678 290 4729; x_wconf 65' lang='lat' dir='ltr'><em>utroqm</em></span> <span class='ocrx_word' id='word_1_346' title='bbox 303 4671 377 4728; x_wconf 63' lang='lat' dir='ltr'><em>sparo</em></span> <span class='ocrx_word' id='word_1_347' title='bbox 390 4671 457 4719; x_wconf 70' lang='lat' dir='ltr'><em>euru</em></span> <span class='ocrx_word' id='word_1_348' title='bbox 467 4688 567 4720; x_wconf 65' lang='lat' dir='ltr'><em>mm</em></span> <span class='ocrx_word' id='word_1_349' title='bbox 579 4677 613 4738; x_wconf 76' lang='lat'><em>(2</em></span> <span class='ocrx_word' id='word_1_350' title='bbox 628 4672 682 4720; x_wconf 75' lang='lat' dir='ltr'><em>uu</em></span> <span class='ocrx_word' id='word_1_351' title='bbox 697 4674 716 4721; x_wconf 90' lang='lat'><em>1.</em></span> <span class='ocrx_word' id='word_1_352' title='bbox 722 4674 740 4733; x_wconf 87' lang='lat'><em>).</em></span> <span class='ocrx_word' id='word_1_353' title='bbox 823 4660 930 4755; x_wconf 44' lang='lat' dir='ltr'><em>23¹3,ng</em></span> <span class='ocrx_word' id='word_1_354' title='bbox 936 4645 1446 4768; x_wconf 43' lang='lat' dir='ltr'><em>Jss‘i’gaffiffiffifflgmffiss</em></span> 
     </span>
     <span class='ocr_line' id='line_1_37' title="bbox 189 4725 1234 4834; baseline 0.011 -21"><span class='ocrx_word' id='word_1_355' title='bbox 189 4761 223 4826; x_wconf 82' lang='lat'><em>(⁴)</em></span> <span class='ocrx_word' id='word_1_356' title='bbox 236 4768 250 4796; x_wconf 76' lang='lat'>⁸</span> <span class='ocrx_word' id='word_1_357' title='bbox 264 4768 297 4814; x_wconf 82' lang='lat' dir='ltr'><em>Et</em></span> <span class='ocrx_word' id='word_1_358' title='bbox 309 4768 345 4813; x_wconf 77' lang='lat' dir='ltr'><em>Aa</em></span> <span class='ocrx_word' id='word_1_359' title='bbox 356 4783 378 4815; x_wconf 82' lang='lat' dir='ltr'><em>re</em></span> <span class='ocrx_word' id='word_1_360' title='bbox 389 4778 470 4818; x_wconf 76' lang='lat' dir='ltr'><em>mutuo</em></span> <span class='ocrx_word' id='word_1_361' title='bbox 478 4781 586 4832; x_wconf 81' lang='lat' dir='ltr'><em>prement</em></span> <span class='ocrx_word' id='word_1_362' title='bbox 598 4774 677 4821; x_wconf 76' lang='lat' dir='ltr'><em>iisdem</em></span> <span class='ocrx_word' id='word_1_363' title='bbox 693 4773 789 4826; x_wconf 79' lang='lat' dir='ltr'><em>oiribnr,</em></span> <span class='ocrx_word' id='word_1_364' title='bbox 822 4782 869 4830; x_wconf 85' lang='lat' dir='ltr'><em>tur,</em></span> <span class='ocrx_word' id='word_1_365' title='bbox 877 4743 908 4820; x_wconf 75' lang='lat' dir='ltr'><em>itt</em></span> <span class='ocrx_word' id='word_1_366' title='bbox 918 4725 943 4819; x_wconf 77' lang='lat' dir='ltr'><em>iit</em></span> <span class='ocrx_word' id='word_1_367' title='bbox 956 4774 1049 4821; x_wconf 70' lang='lat' dir='ltr'><em>enus.</em></span> <span class='ocrx_word' id='word_1_368' title='bbox 1066 4773 1138 4834; x_wconf 80' lang='lat' dir='ltr'><em>Prop.</em></span> <span class='ocrx_word' id='word_1_369' title='bbox 1154 4728 1234 4825; x_wconf 50' lang='lat' dir='ltr'>XIIX.</span> 
     </span>
    </p>
   </div>
   <div class='ocr_carea' id='block_1_8' title="bbox 0 0 1601 5444">
    <p class='ocr_par' dir='ltr' id='par_1_11' title="bbox 0 0 1601 5444">
     <span class='ocr_line' id='line_1_38' title="bbox 0 0 1601 5444; baseline 0 0"><span class='ocrx_word' id='word_1_370' title='bbox 0 0 1601 5444; x_wconf 95' lang='lat' dir='ltr'><em> </em></span> 
     </span>
    </p>
   </div>
  </div>
 </body>
</html>
