3188 5444
248 483 308 543 rso
559 413 902 532 curiosorum
926 459 1206 528 navuaaus
1258 461 1381 542 [uua
1397 466 1538 528 cunm

237 668 360 732 semper
380 650 584 731 quantitatem
606 636 710 702 motuis
732 636 874 721 accipiat,
898 657 995 722 quam
1008 634 1161 720 imprimit
1174 635 1211 700 in
1224 637 1403 700 materiam
1417 640 1537 704 rorida

239 756 314 820 Sine
328 751 384 816 tali
397 747 555 836 principio
571 767 699 810 necesse
714 757 762 809 est
776 755 812 807 ut
825 741 939 831 globus
954 755 987 807 et
1000 742 1128 808 vorticis
1142 756 1253 828 partes
1269 743 1455 826 interiores,
1475 771 1537 833 pro

236 875 388 952 pagantes
402 880 526 944 semper
540 870 661 922 motum
677 877 768 920 suum
783 855 817 918 in
832 854 1015 933 exteriores,
1029 877 1133 942 neque
1142 877 1267 920 novum
1279 855 1537 944 aliquemmctun

237 976 432 1059 recipientes,
455 967 634 1035 tardescant
646 966 796 1052 paulatim
813 976 845 1030 et
859 966 893 1029 in
907 965 1018 1030 orbem
1032 966 1084 1054 agi
1098 965 1260 1031 desinant.

283 1087 382 1150 Corol.
399 1093 429 1150 5.
455 1083 489 1148 Si
503 1081 616 1171 globus
631 1080 710 1144 alter
723 1077 798 1143 huic
811 1077 923 1144 vortici
937 1077 978 1142 sd
993 1090 1111 1142 certam
1125 1078 1167 1142 ab
1182 1078 1289 1164 ipsius
1306 1091 1419 1144 centro
1431 1079 1536 1145 distm-

240 1195 313 1259 tiam
330 1195 494 1271 innataret,
520 1204 553 1257 et
565 1193 685 1256 interea
710 1190 793 1255 circa
818 1211 911 1254 axern
937 1189 1138 1254 inclinatione
1160 1188 1278 1253 datum
1303 1189 1339 1252 vi
1358 1188 1534 1277 aliquioon·

240 1317 359 1369 stanter
373 1303 584 1368 revolveretur
592 1326 601 1378 ;
616 1301 710 1387 hujus
725 1314 813 1365 motu
829 1313 991 1385 raperetur
1005 1300 1138 1364 fluidum
1152 1301 1189 1364 in
1200 1300 1385 1365 vorticem:
1401 1313 1432 1365 et
1442 1302 1532 1386 primo

238 1414 451 1479 revolveretur
472 1414 524 1478 hic
541 1426 653 1479 vortex
666 1435 767 1477 novus
782 1425 814 1477 et
827 1413 962 1500 exiguus
981 1408 1046 1475 und
1065 1432 1138 1476 cum
1164 1411 1271 1499 globo
1294 1411 1386 1476 circa
1410 1426 1532 1476 centrum

157 1586 169 1600 ,
240 1521 379 1601 alterius,
396 1536 429 1589 et
444 1525 566 1589 interea
578 1523 672 1588 latius
687 1537 828 1608 serperet
842 1522 941 1608 ipsius
953 1535 1069 1600 motus,
1092 1533 1125 1586 et
1137 1521 1302 1607 paulatim
1318 1535 1533 1609 propagaretur

239 1633 273 1694 in
287 1631 458 1708 infinitum,
483 1629 525 1696 ad
550 1629 682 1696 modum
703 1630 832 1696 vorticis
851 1609 954 1714 primi.
1001 1629 1044 1694 Et
1066 1627 1178 1695 eadem
1204 1630 1351 1708 ratione,
1376 1631 1440 1717 quai
1460 1630 1533 1715 huju

241 1737 355 1826 globus
370 1749 534 1823 raperetur
547 1749 636 1803 motu
650 1737 777 1802 vorticis
798 1737 936 1813 alterius,
963 1748 1126 1821 raperetur
1151 1737 1253 1801 etiam
1281 1737 1404 1824 globus
1427 1737 1534 1801 alterius

240 1860 330 1912 motu
343 1845 447 1932 hujus,
474 1847 519 1910 sic
534 1857 571 1911 ut
583 1845 670 1934 globi
686 1846 753 1910 duo
769 1844 852 1909 circa
872 1842 1093 1908 intermedium
1113 1841 1250 1928 aliquod
1272 1858 1437 1928 punctum
1450 1844 1533 1909 revol-

241 1968 400 2032 verentur,
416 1974 512 2040 seque
526 1966 638 2017 mutuo
652 1952 695 2016 ob
711 1965 832 2016 motum
846 1950 935 2015 illum
950 1949 1133 2015 circularem
1147 1948 1319 2038 fugerent,
1343 1952 1408 2017 nisi
1421 1975 1477 2038 per
1488 1953 1535 2015 vin

242 2059 379 2146 aliquam
401 2059 542 2126 cohibiti.
587 2058 702 2124 Postea
717 2058 744 2121 si
758 2059 839 2122 vires
861 2069 1039 2121 constanter
1059 2056 1236 2142 impressa,
1266 2059 1390 2145 quibus
1415 2059 1536 2147 globiin

242 2165 380 2231 motibus
394 2167 459 2232 suis
472 2179 683 2252 perseverant,
706 2177 872 2244 cessarent,
894 2177 927 2229 et
939 2163 1045 2228 omnia
1057 2162 1183 2253 legibus
1206 2165 1413 2233 mechanicis
1427 2170 1536 2254 permit·

243 2286 395 2354 tenentur,
410 2275 628 2366 languesceret
641 2275 794 2363 paulatim
807 2287 911 2339 motus
925 2271 1092 2361 globorum
1117 2271 1175 2358 (ob
1197 2273 1368 2340 rationem
1389 2275 1425 2340 in
1446 2275 1536 2342 comt

244 2394 275 2450 3.
291 2397 324 2450 et
335 2395 367 2450 4.
383 2387 586 2475 assignatam)
602 2398 635 2452 et
648 2386 782 2450 vortices
795 2383 923 2450 tandem
937 2384 1203 2472 conquiescerent.

300 2497 440 2562 corate.
476 2498 511 2562 Si
536 2496 623 2585 globi
644 2496 750 2580 plures
773 2495 854 2560 datis
879 2495 914 2558 in
935 2493 1150 2559 lociscircum
1170 2515 1252 2559 axes
1277 2496 1444 2581 positione
1465 2496 1536 2561 (Βία

244 2600 337 2664 certis
346 2601 642 2667 cumvelocitatibus
651 2614 830 2666 constanter
839 2600 1080 2679 revolverentur,
1096 2599 1211 2665 fierent
1220 2604 1369 2669 vortices
1381 2604 1534 2669 totidemiu

245 2705 401 2771 infinitum
415 2721 591 2798 pergentes.
637 2708 722 2773 Nam
736 2709 824 2797 globi
838 2708 952 2798 singuli
972 2707 1083 2775 eidem
1104 2709 1228 2773 ratione
1254 2710 1322 2797 quai
1338 2735 1426 2777 unus
1443 2712 1535 2800 aliquis

245 2829 367 2880 motum
392 2838 484 2882 suum
504 2829 665 2906 propagat
685 2817 719 2880 in
732 2817 900 2896 infinitum,
926 2815 1146 2904 propagabunt
1167 2816 1269 2881 etiam
1293 2832 1405 2884 motata
1426 2818 1534 2884 suosin

244 2922 412 3003 inlinitum,
436 2924 517 2990 adeo
530 2936 569 2990 ut
579 2924 670 2989 fluidi
684 2924 799 2989 infiniti
813 2948 887 3011 pars
909 2947 1105 3012 unaqueque
1119 2946 1158 2988 eo
1173 2925 1320 3013 agitetur
1336 2940 1431 2991 motu
1444 2928 1491 3014 qui
1503 2947 1535 2990 ex

244 3034 386 3098 omnium
410 3037 578 3124 globorum
602 3035 776 3102 actionibus
799 3037 937 3101 resultat.
984 3035 1080 3102 Unde
1102 3035 1241 3099 vortices
1266 3058 1338 3101 non
1364 3037 1535 3102 definientur

243 3146 337 3207 certis
351 3145 512 3227 limitibus,
536 3148 639 3213 sedin
656 3171 689 3213 se
704 3161 816 3212 mutuo
831 3147 981 3231 paulatim
996 3157 1165 3210 excurrant
1173 3168 1183 3221 3
1205 3144 1370 3233 globique
1384 3171 1442 3233 per
1455 3148 1534 3211 actio

243 3273 299 3315 nes
314 3254 467 3317 vorticum
482 3256 515 3318 in
530 3279 564 3320 se
575 3268 695 3332 mutuo,
712 3268 867 3339 perpetuo
876 3253 1085 3319 movebuntur
1096 3252 1136 3316 de
1147 3250 1226 3316 locis
1237 3254 1317 3332 suis,
1335 3256 1385 3320 uti
1397 3257 1430 3319 in
1441 3253 1535 3319 Corol-

242 3357 322 3423 lario
337 3362 498 3443 superiore
519 3363 697 3447 expositum
713 3377 777 3438 est3
800 3385 902 3448 neque
918 3374 1034 3426 certam
1049 3360 1192 3446 quamvis
1202 3360 1291 3425 inter
1305 3385 1344 3426 se
1363 3364 1533 3448 positionem

244 3467 422 3547 servabunt,
438 3469 499 3533 nisi
512 3492 570 3553 per
585 3471 647 3532 vim
663 3470 799 3557 aliquam
815 3470 938 3534 retenti.
984 3468 1188 3532 Cessantibus
1208 3482 1322 3534 autem
1346 3471 1466 3534 viribus
1485 3468 1533 3530 illis

243 3600 314 3664 quae
330 3579 362 3640 in
375 3576 488 3666 globos
504 3590 683 3642 constanter
697 3579 857 3661 impressae
873 3587 1058 3641 conservant
1078 3573 1175 3638 hosce
1197 3588 1319 3655 motus,
1349 3578 1476 3641 materia
1495 3575 1529 3637 ob

242 3686 396 3748 rationem
410 3685 443 3747 in
460 3683 635 3748 Corollario
650 3685 744 3749 tertio
757 3699 789 3749 et
803 3698 916 3769 quarto
930 3683 1128 3770 assignatam,
1151 3683 1309 3766 paulatim
1325 3687 1495 3772 requiescet
1506 3696 1531 3746 et

241 3792 274 3854 in
289 3791 422 3856 vortices
437 3791 489 3879 agi
503 3790 632 3854 desinet
790 3862 792 3865 .

287 3904 387 3966 Corol.
404 3910 434 3972 7.
467 3904 502 3969 si
526 3901 659 3966 fluidum
680 3903 816 3967 similare
838 3903 1002 3967 claudatur
1015 3903 1137 3966 invase
1152 3901 1327 3987 sphaerico,
1353 3927 1392 3968 ac
1405 3904 1485 3993 globi
1503 3903 1529 3963 in

239 4142 294 4184 vas
309 4122 343 4184 in
364 4125 507 4188 eamdem
522 4139 644 4209 partem
666 4125 750 4187 circa
771 4147 862 4189 axem
884 4123 1019 4188 eundem
1041 4122 1256 4202 revolvantur,
1281 4126 1410 4211 sintque
1434 4143 1525 4187 eorum

240 4239 382 4313 tempora
395 4232 558 4316 periodica
572 4245 608 4296 ut
623 4232 774 4317 quadrata
790 4231 1127 4297 semi-diametrorum:
1143 4244 1254 4316 partes
1268 4232 1363 4297 fluidi
1378 4255 1440 4297 non
1453 4232 1524 4317 prius

238 4342 484 4419 perseverabunt
508 4343 541 4405 in
565 4341 701 4406 motibus
723 4343 788 4407 suis
812 4344 879 4408 sine
900 4341 1125 4407 acceleratione
1144 4352 1178 4406 et
1197 4343 1424 4423 retardatione,
1447 4341 1521 4429 quin

227 4444 302 4546 'sint
317 4466 427 4510 eorum
442 4460 586 4533 tempora
608 4449 769 4535 periodica
784 4464 820 4514 ut
835 4450 988 4536 quadrata
1008 4448 1231 4514 distantivum
1245 4475 1266 4515 a
1282 4465 1395 4517 centro
1408 4449 1521 4516 varnos

240 4555 279 4636 (⁸)
296 4555 370 4618 Alia
385 4558 473 4621 nulla
487 4558 614 4623 vorticis
630 4560 810 4626 constitutio
825 4574 929 4647 potest
944 4583 1011 4625 esse
1024 4583 1224 4645 permanens.

270 4724 305 4788 (¹)
319 4728 332 4754 ⁴
347 4729 401 4774 Alia
413 4731 479 4776 nuno
491 4733 581 4779 vorticis
597 4735 727 4780 constitutio
741 4742 815 4794 potest
825 4749 872 4782 este
906 4732 998 4779 tornois
1005 4732 1148 4788 constitutio,
1166 4742 1195 4780 ut
1204 4749 1262 4795 pm
1271 4737 1385 4799 quelibet
1395 4735 1456 4784 fluidi
1465 4731 1523 4794 μή

233 4805 383 4853 ternionem.
421 4792 485 4840 Nam
498 4797 538 4863 [er
549 4795 692 4862 demonstr.)
704 4813 732 4846 ea
743 4797 812 4846 debet
822 4813 872 4846 csse
904 4797 930 4845 in
941 4814 984 4855 suo
995 4807 1061 4845 motu
1068 4797 1218 4847 uniformiter
1224 4816 1382 4861 meare,
1394 4813 1416 4850 et
1427 4799 1522 4848 urm
