3202 5446
56 501 349 581 herasmus]
380 499 635 568 PRINCIPIA-
648 498 1023 571 MATHEMATICA.
1044 551 1049 558 -
1273 514 1334 577 615

549 1013 746 1090 sucho
761 1014 863 1089 VII.v

254 1214 315 1286 De
326 1223 425 1288 'motu
433 1217 631 1311 fluidorum
647 1228 683 1290 et
699 1199 898 1292 resistentid
906 1218 1151 1315 projedilium.
1172 1267 1177 1276 ·

239 1504 523 1575 PROPOSITIO
546 1506 705 1572 XXXII.
750 1505 1023 1574 THEOREMA
1047 1505 1178 1573 XXVI.

56 1701 98 1771 ss·
107 1723 262 1788 conponam
276 1713 436 1789 systenrata
451 1706 510 1768 duo
523 1703 638 1769 similia
653 1726 691 1768 es·
705 1705 818 1788 aquali
832 1705 1057 1788 particularum
1076 1725 1197 1769 numero
1211 1712 1365 1781 constent,¹

99 1819 131 1875 ct
150 1811 318 1895 partiale
340 1813 602 1894 correspondentes
622 1812 735 1875 similes
754 1806 818 1875 sint
838 1820 868 1874 et
886 1811 1143 1894 proportionales,
1173 1813 1301 1896 singula
1323 1812 1358 1874 in

98 1938 161 1983 uno
184 1928 340 2004 systemate
368 1920 496 2003 singulis
520 1920 554 1982 in
577 1919 685 1996 altero,
713 1928 743 1982 et
766 1920 908 1982 similiter
931 1920 1000 1982 sitae
1024 1920 1106 1982 inter
1125 1940 1165 1995 se,
1193 1940 1230 1980 ac
1251 1920 1359 1981 mam

98 2029 232 2093 habeam
252 2031 402 2092 rationem
424 2029 584 2092 densitatis
605 2030 649 2092 ad
672 2028 807 2105 invicem,
834 2037 864 2091 et
887 2029 968 2092 inter
981 2049 1012 2092 se
1026 2027 1206 2111 temporibus
1225 2048 1359 2110 propor-

103 2139 270 2203 tionalibus
290 2140 432 2202 similiter
451 2140 564 2203 moneri
586 2140 737 2221 incipiant
760 2135 824 2223 (ca
838 2141 920 2202 inter
932 2160 963 2202 se
978 2160 1045 2223 qua
1059 2141 1093 2203 in
1106 2160 1166 2202 uno
1179 2148 1249 2203 srsnt
1266 2147 1366 2223 syste-⁴

100 2255 182 2310 mam
195 2255 226 2309 et
239 2265 283 2308 eae
298 2247 378 2308 inter
392 2266 424 2309 se
438 2266 506 2329 qua
518 2255 588 2309 sunt
603 2247 637 2308 im
652 2245 770 2332 altero)
793 2255 824 2309 et
836 2247 865 2311 si
885 2267 946 2308 non
970 2256 1103 2331 tangant
1120 2269 1152 2311 se
1170 2256 1270 2310 medua
1294 2266 1361 2329 qua

103 2356 139 2420 in
163 2358 262 2424 eodan
284 2367 353 2422 sunt
366 2357 532 2442 systemate,
556 2358 618 2421 nisi
633 2358 667 2420 in
680 2357 834 2420 momentis
847 2357 1051 2444 rqleaionum,
1075 2378 1170 2442 neque
1183 2358 1357 2434 attrahant,

102 2464 270 2549 aclfirgmt
283 2485 314 2528 se
327 2459 436 2542 mertui,
453 2466 515 2529 nisi
529 2465 644 2530 virilia
658 2463 919 2528 acceleratricibus
933 2485 1001 2548 qua
1015 2466 1078 2527 sint
1091 2473 1125 2527 ut
1133 2465 1361 2546 particulatam

101 2574 394 2655 correspondentiam
409 2574 553 2637 diametri
567 2569 684 2638 inversi
698 2583 728 2637 et
741 2574 896 2657 quadrata
916 2575 1105 2637 velocitatem
1127 2568 1261 2636 directi.-
1289 2572 1357 2635 dico

100 2680 182 2764 quod
193 2688 380 2765 pneumam
388 2681 555 2761 partienda
569 2682 633 2744 ille
641 2690 771 2765 pergent
786 2682 867 2745 inter
880 2702 912 2745 se
924 2681 1105 2764 temporibus
1112 2679 1362 2764 proportionali·

101 2785 155 2850 bus
170 2785 206 2871 (')
222 2787 365 2850 similiter
377 2789 499 2850 moveri.

107 2958 254 3044 Corpora
269 2958 383 3022 similia
404 2972 436 3023 et
457 2959 598 3024 similiter
619 2959 679 3024 sita
699 2959 892 3044 temporibus
907 2957 1204 3044 proportionalibus
1217 2959 1363 3024 entem

60 3064 203 3131 similiter
216 3066 335 3130 moveri
350 3066 432 3144 dico,
456 3089 591 3152 quorum
606 3066 683 3130 situs
698 3066 739 3130 ad
753 3067 886 3131 invicem
901 3066 934 3130 in
949 3066 1013 3131 fine
1034 3079 1213 3151 temporum
1236 3067 1363 3131 illorum

59 3194 185 3258 semper
199 3184 272 3236 sunt
286 3172 418 3237 similes:
441 3170 519 3257 putei
533 3173 559 3239 si
570 3171 732 3257 particulae
747 3175 840 3238 unius
856 3174 1032 3260 systematis
1047 3196 1119 3237 cum
1142 3174 1268 3238 alterius
1290 3197 1364 3261 par·

58 3282 162 3347 ticulis
177 3281 494 3366 correspondentibus
509 3281 719 3347 conferantur.
766 3283 862 3348 Unde
878 3296 1020 3366 tempora
1035 3296 1128 3347 erunt
1142 3285 1364 3370 proportiona-

59 3390 111 3470 lia,
121 3391 155 3455 iu
165 3390 277 3476 quibus
290 3389 405 3455 similes
418 3404 449 3455 et
457 3391 706 3476 proportionales
716 3391 890 3479 figurarum
899 3393 1046 3458 similium
1057 3408 1161 3479 partes
1173 3418 1193 3459 a
1201 3395 1364 3478 particulis

62 3501 381 3586 correspondentibus
397 3501 626 3565 describuntur.
672 3502 775 3590 Igitur
797 3504 823 3567 si
845 3503 909 3567 duo
932 3504 995 3567 sint
1016 3505 1171 3589 ejusmodi
1183 3517 1363 3591 systemata,

60 3609 224 3696 particulae
238 3609 528 3694 correspondentes,
545 3608 587 3672 ob
597 3609 831 3674 similitudinem
843 3610 1052 3695 incoeptorum
1063 3626 1215 3689 motuum,
1232 3623 1366 3698 pergent

63 3718 208 3784 similiter
229 3718 357 3794 moveri,
385 3740 484 3803 usque
506 3719 606 3780 donec
629 3717 688 3781 sibi
703 3732 813 3782 mutuo
828 3731 1004 3783 occurrant
1050 3719 1135 3783 Nam
1150 3719 1176 3782 si
1191 3718 1284 3782 nullis
1299 3718 1365 3805 agi-

62 3841 170 3894 tantur
193 3830 322 3907 viribus,
349 3828 592 3915 progredientur
617 3827 816 3892 uniformiter
843 3829 877 3913 (⁸)
894 3829 927 3892 in
950 3828 1040 3893 lineis
1065 3829 1158 3892 rectis
1180 3851 1237 3913 per
1262 3828 1365 3893 moties

62 3937 123 4027 leg.
142 3948 171 4003 1.
217 3941 252 4005 Si
267 3940 384 4003 viribus
400 3939 557 4024 aliquibus
573 3962 606 4002 se
620 3951 732 4003 mutuo
747 3937 877 4026 agitant,
893 3950 925 4002 et
939 3939 1019 4003 vlres
1035 3938 1098 4002 illae
1113 3938 1176 4002 sint
1187 3950 1220 4000 ut
1230 3939 1367 4022 particu-

62 4046 165 4111 larum
180 4046 493 4131 correspondentium
507 4044 651 4111 diarnetri
666 4045 790 4114 inversis
808 4058 842 4112 et
856 4045 1008 4133 quadrata
1021 4047 1220 4113 velocitatum
1235 4047 1366 4127 directe,

98 4242 134 4307 (')
147 4247 161 4275 '
173 4245 284 4292 Similiter
295 4247 388 4292 moueri.
426 4245 501 4292 Sunto
515 4244 537 4290 A
549 4251 573 4290 et
583 4259 604 4298 ι,
619 4242 671 4290 Pet
679 4258 702 4303 p,
735 4252 806 4305 etque
819 4243 836 4291 S
848 4244 869 4290 A
886 4243 907 4290 Β
919 4242 1014 4305 aqualis
1024 4258 1036 4289 s
1047 4244 1094 4290 sb.
1122 4241 1156 4288 Et
1167 4240 1219 4288 alise
1229 4241 1272 4287 sibi
1282 4238 1368 4290 mutub

69 4307 87 4356 8
97 4317 121 4356 et
131 4323 151 4365 s,
161 4308 204 4355 ire.
219 4309 339 4356 sanicula
351 4308 377 4354 in
387 4308 480 4356 duobus
490 4307 652 4370 systematibus
660 4307 703 4355 sibi
736 4307 940 4368 cenespondentes
958 4307 1079 4368 meculse
1099 4305 1219 4367 quiescent
1240 4304 1275 4351 vel
1297 4305 1369 4352 sitsrili

67 4369 154 4420 mucro
174 4372 387 4434 conespondentes.
427 4372 546 4420 pantenu
569 4373 592 4419 A
615 4371 641 4418 in
662 4387 706 4420 suo
739 4370 811 4419 modo
821 4381 966 4419 moneantur.
1004 4371 1052 4419 His
1062 4369 1149 4431 positis,
1161 4369 1367 4417 demonstrandum

68 4445 195 4498 systusrste
211 4445 316 4497 tempore
335 4437 365 4494 T,
384 4437 499 4485 describet
517 4435 618 4497 spatium
634 4451 705 4499 quem
737 4446 779 4493 est,
790 4435 854 4498 quod
864 4436 885 4483 si
894 4447 1017 4483 summtur
1028 4445 1132 4496 tempore
1142 4433 1188 4482 slis
1196 4449 1249 4495 quse
1257 4435 1304 4481 stne
1312 4435 1369 4484 utT

68 4500 195 4548 minimum
210 4503 232 4547 A
248 4501 278 4557 B,
291 4511 315 4548 et
326 4500 440 4562 panicula
450 4499 632 4560 correspondens
642 4516 663 4556 s,
680 4499 706 4546 in
738 4508 762 4547 et
777 4509 794 4557 t,
813 4499 934 4561 mensulis
948 4499 1153 4561 conespondentes
1171 4509 1241 4547 aunt
1258 4500 1369 4564 utrinque

69 4563 144 4616 atero
154 4575 280 4626 systema
288 4574 418 4626 temperet,
432 4563 546 4612 describet
554 4565 653 4625 spetlum
662 4565 707 4620 ab,
740 4563 845 4612 similiter
855 4565 942 4626 positia
959 4608 965 4622 ,
1020 4564 1026 4577 ’

71 4628 143 4690 psIori
158 4631 178 4675 A
196 4629 226 4684 B,
246 4629 323 4676 simile
333 4629 486 4690 similiterque
501 4628 580 4684 situm,
597 4627 631 4676 irs
642 4629 709 4676 nteit
773 4627 805 4693 (⁸)
819 4633 831 4659 ⁸
847 4632 877 4678 In
887 4631 953 4678 lineis
961 4632 1028 4678 rectis
1034 4645 1077 4691 per
1085 4627 1160 4676 motis
1168 4631 1211 4691 leg.
1224 4633 1244 4676 1.
1265 4627 1369 4691 Ideoque

73 4693 96 4740 A
113 4693 142 4748 B,
160 4694 189 4740 sd
202 4696 250 4749 ab,
268 4706 295 4741 ut
306 4695 418 4741 diameter
430 4693 550 4753 particule
564 4694 595 4749 A,
616 4691 646 4740 sd
658 4692 707 4740 dis·
740 4695 770 4740 cb
787 4692 919 4741 velocitates
934 4693 1062 4740 uniformes
1077 4703 1101 4740 et
1116 4693 1203 4740 similes
1213 4705 1322 4741 motuum
1333 4692 1368 4739 di·

70 4768 174 4804 mrum
186 4758 307 4819 particulos
319 4775 340 4815 a,
353 4757 401 4805 sive
412 4768 439 4804 ut
453 4759 475 4805 A
487 4759 503 4806 S
514 4757 543 4805 sd
555 4773 596 4811 ss,
609 4757 645 4805 vel
658 4756 680 4804 P
691 4757 707 4804 S
738 4758 852 4806 rectiones
858 4758 1066 4821 pergentsimiliter
1074 4758 1160 4805 moveri
1168 4758 1310 4819 tenporibus
1317 4772 1363 4818 pro
1471 4806 1475 4813 ,

70 4820 101 4870 sd
112 4837 128 4885 p
139 4837 160 4882 s,
176 4832 201 4871 et
216 4823 320 4887 angulus
335 4826 357 4872 A
371 4824 389 4871 S
402 4823 528 4887 Baqualis
539 4822 627 4887 sagulo
638 4839 673 4871 ss
684 4822 916 4952 bdqpprtiouslibus,
928 4822 1042 4886 usquead
1053 4837 1164 4872 eccum
1174 4839 1228 4881 suos
1238 4824 1333 4883 primas.
