3202 5446
114 382 232 447 er
250 381 414 464 Pontus]
482 383 723 453 rumetum
746 384 1116 455 MATHEMATICA.
1334 397 1398 462 sla

114 558 164 624 les
176 560 381 645 ‹tt-parallelae
395 561 549 627 (luuntur
562 585 687 648 semper
700 576 762 647 sp,
778 586 794 626 s
808 587 849 650 q3
871 577 904 629 et
917 587 1012 628 curve
1024 585 1047 648 p
1060 588 1083 652 q
1096 585 1126 643 r,
1141 585 1235 653 quam
1248 577 1400 650 punctum

114 687 140 752 p
153 667 343 733 revolvendo
368 670 484 734 circum
509 686 661 757 punctum
685 673 849 738 immotum
874 698 889 739 s
912 674 1069 761 describit,
1093 674 1132 762 (l)
1154 676 1214 740 erit
1237 675 1346 741 amuis
1366 686 1401 746 et

112 1702 242 1792 equalis
257 1695 371 1782 curuis,
387 1722 464 1790 quas
479 1704 661 1788 corpores,
686 1698 909 1767 Pdescribunt
923 1703 1039 1767 circum
1054 1727 1088 1769 se
1101 1705 1230 1771 mutub:
1253 1708 1400 1792 proinde·
1472 1780 1474 1785 ,

115 1832 177 1900 que
199 1818 272 1898 (per
287 1808 406 1876 Theon.
423 1808 518 1892 XX.)
542 1809 650 1874 similis
665 1809 766 1873 curvis
782 1809 805 1875 S
821 1808 853 1874 T
866 1822 898 1874 et
914 1809 942 1874 P
958 1809 991 1887 Q
1006 1808 1045 1890 V,
1062 1832 1138 1898 quas
1150 1813 1259 1878 eadem
1271 1822 1402 1902 corpora

112 1918 296 1985 describunt
309 1919 426 1983 circum
442 1936 608 1982 commune
622 1915 783 2005 gratimus
798 1930 938 1981 centrum
954 1917 1002 1982 C:
1025 1917 1119 2005 idque
1134 1920 1206 2006 quia
1225 1924 1402 2007 proportio-

112 2050 170 2096 nes
185 2026 434 2106 linearumSC,
452 2026 480 2092 C
497 2023 533 2105 P,
550 2025 995 2110 etSPvelspadinvicem
1010 2025 1133 2093 dantur.
1383 2044 1386 2051 ’

157 2140 230 2207 Cas.
256 2147 286 2205 1.
307 2139 487 2204 Conrmune
500 2134 752 2225 illudgravitatis
767 2149 908 2200 centrum
931 2137 969 2214 C,
995 2159 1053 2222 per
1074 2138 1180 2226 legum
1206 2140 1402 2205 corollarium

112 2262 268 2336 quartum,
285 2246 335 2311 vel
352 2246 491 2333 quiescit,
520 2243 568 2308 vel
594 2257 737 2307 movetur
760 2242 954 2307 uniformiter
979 2245 1012 2307 in
1037 2244 1199 2311 directum.
1246 2246 1403 2312 Ponamus

108 2354 225 2439 primo,
243 2352 329 2442 quod
344 2351 376 2416 id
391 2345 531 2440 quiescit,
551 2355 646 2440 inque
660 2376 675 2417 s
690 2365 722 2417 et
735 2375 757 2437 p
772 2350 914 2417 locentur
928 2375 1059 2438 corpora
1074 2354 1147 2433 duo,
1164 2354 1321 2422 immobile
1332 2358 1402 2436 ins,

106 2459 226 2526 mobile
241 2461 275 2524 in
290 2480 323 2545 p,
340 2460 525 2544 corporibus
544 2459 569 2524 S
585 2472 617 2523 et
632 2457 660 2523 P
675 2459 787 2522 similia
809 2471 841 2523 et
862 2460 1002 2545 aequalia.
1046 2456 1132 2526 Dein
1156 2468 1285 2550 tangant
1309 2448 1403 2529 tcctt'e

102 2565 1403 2658 PRetprcurvasPQetpqinPetp,etproducanturCQetsqadR

95 2691 141 2742 et
156 2696 185 2741 r.
233 2674 277 2740 Et
296 2673 338 2738 ob
360 2658 592 2738 similitudinem
614 2673 787 2762 figurarum
803 2672 831 2737 C
849 2671 875 2738 P
891 2672 922 2738 R
938 2673 980 2752 Q,
997 2697 1012 2738 s
1026 2694 1048 2759 p
1063 2696 1080 2738 r
1094 2697 1114 2762 q
1129 2677 1187 2740 erit
1204 2676 1233 2740 R
1249 2677 1282 2753 Q
1297 2676 1336 2741 ad
1350 2695 1368 2741 r
1382 2695 1403 2765 q

85 2798 146 2850 ut
162 2784 192 2849 C
209 2783 237 2848 P
252 2783 293 2847 ad
308 2806 323 2848 s
337 2802 370 2868 p,
393 2782 528 2870 ideoque
541 2783 575 2846 in
590 2782 662 2846 dati
678 2783 808 2847 ratione.
854 2781 992 2847 Proinde
1018 2783 1044 2847 si
1067 2785 1123 2862 vis,
1151 2785 1211 2872 'qui
1236 2807 1348 2871 corpus
1376 2786 1403 2852 P

77 2910 222 2956 versus
238 2910 352 2976 corpus
370 2890 402 2968 S,
419 2904 513 2977 atque
527 2889 600 2954 ideo
615 2912 724 2954 versus
740 2904 881 2954 centrum
896 2891 1114 2956 intermedium
1125 2893 1337 2974 Cattrahitur,
1354 2920 1409 2961 es·.

64 3011 161 3064 set
173 2996 215 3062 ad
229 2998 302 3076 vim,
319 2995 381 3083 qui
396 3017 511 3082 corpus
524 3016 547 3082 p
562 3019 671 3062 versus
687 3011 828 3062 centrum
843 3021 858 3061 s
872 2997 1048 3076 attrahitur,
1060 2999 1093 3061 in
1105 2998 1214 3064 eidem
1223 2996 1274 3064 illa
1285 3004 1402 3068 ratione

61 3107 206 3180 dau:
228 3107 280 3170 bre
295 3108 375 3171 vires
388 3107 562 3193 {equalibus
579 3105 771 3190 temporibus
786 3106 976 3170 attraherent
998 3126 1120 3192 semper
1135 3128 1264 3193 corpora
1280 3108 1319 3175 de
1334 3124 1403 3175 tan-

60 3215 258 3302 gentibus
275 3214 303 3280 P
320 3215 361 3292 R,
377 3235 430 3299 pr
445 3214 486 3277 ad
502 3235 592 3277 arcus
614 3212 642 3277 P
660 3212 702 3291 Q,
725 3235 782 3299 pq
804 3236 861 3298 per
881 3212 1043 3278 intervalla
1064 3214 1138 3299 ipsis
1159 3217 1402 3301 proportionalia

64 3321 140 3383 R.
167 3322 206 3399 Q,
221 3342 239 3386 r
254 3345 284 3408 q,
301 3321 434 3408 ideoque
448 3322 495 3385 ris
510 3321 666 3406 posterior
681 3320 826 3398 efficeret,
842 3335 877 3385 ut
889 3342 1004 3406 corpus
1023 3344 1047 3406 p
1069 3337 1233 3410 gyraretur
1252 3326 1401 3390 incurvi

65 3446 104 3510 Ρ
141 3452 174 3516 q
186 3450 215 3510 v,
228 3451 301 3516 qnae
317 3429 427 3493 similis
443 3443 524 3494 esset
539 3447 643 3493 curvae
661 3428 688 3493 P
703 3427 737 3505 Q
752 3426 792 3507 V,
809 3429 841 3491 in
857 3426 917 3515 qui
932 3430 979 3491 vis
1000 3431 1087 3514 prior
1108 3428 1210 3509 efficit,
1234 3444 1269 3495 ut
1290 3454 1401 3516 corpus

71 3528 124 3594 Ρ
154 3550 305 3624 gyretur3
328 3549 360 3600 et
374 3535 582 3600 revolutiones
599 3533 711 3599 iisdem
726 3535 917 3619 temporibus
928 3535 1166 3619 complerentur.
1202 3539 1245 3603 At
1255 3541 1400 3625 quoniam

75 3635 195 3709 Vires
207 3645 271 3710 illae
284 3667 350 3708 non
366 3657 439 3708 sunt
453 3643 493 3708 ad
508 3644 642 3707 invicem
657 3645 690 3706 in
706 3645 825 3708 ratione
844 3644 872 3708 C
888 3645 915 3708 P
930 3645 970 3708 atl
985 3667 999 3709 s
1013 3666 1045 3730 p,
1070 3645 1125 3710 sed
1149 3647 1203 3733 (ob
1227 3649 1400 3715 s‘unilitudi-

81 3760 189 3817 Rern
202 3768 233 3819 et
245 3753 456 3839 equalitatem
471 3773 638 3838 corporum
655 3754 678 3818 S
693 3766 725 3817 et
739 3777 764 3830 s,
782 3752 810 3817 P
824 3767 855 3818 et
869 3775 901 3838 p,
918 3768 949 3818 et
963 3755 1171 3840 aequalitatem
1187 3758 1400 3825 distantiarum

92 3846 122 3911 S
150 3855 195 3938 P,
210 3884 225 3925 s
239 3861 274 3945 p)
297 3858 355 3924 sibi
371 3858 481 3922 mutub
503 3859 659 3945 aequules;
682 3881 814 3943 corpora
835 3861 1006 3947 aequalibus
1028 3865 1219 3948 temporibus
1241 3867 1400 3950 aequaliter

97 3964 275 4034 meatur
289 3968 331 4033 de
346 3968 564 4056 tangentibus:
589 3981 803 4052 etpropterea,
817 3983 851 4032 ut
860 3991 973 4056 corpus
987 3976 1141 4056 posterius
1155 3998 1177 4058 p
1192 3975 1332 4039 trahatur
1342 3999 1399 4061 per

103 4066 308 4144 intervallum
324 4079 424 4164 majus
439 4100 456 4140 r
471 4101 501 4164 q,
518 4078 685 4162 requiritur
700 4091 822 4163 tempus
836 4081 946 4164 majus,
970 4083 1007 4165 (⁶)
1030 4081 1123 4168 idque
1138 4084 1169 4145 in
1185 4083 1398 4167 subduplicati
1493 4157 1498 4166 ‚

112 4184 234 4253 ntiae
248 4185 505 4263 intervallorum
527 4199 694 4271 propterea
708 4187 793 4272 quod
816 4191 886 4273 (per
900 4188 1013 4253 lemma
1028 4190 1195 4272 decimum)
1218 4194 1315 4276 spatia
1330 4194 1398 4279 ipso

151 4374 183 4441 P)
199 4384 213 4413 ⁸
229 4384 283 4432 Iin‘t
292 4383 372 4432 sinilia
381 4390 403 4429 et
418 4383 515 4456 aqualia
530 4382 613 4436 carnia,
632 4389 660 4427 ut
677 4389 741 4441 patet
771 4381 933 4441 subduplicsti
952 4384 1041 4430 ratione
1060 4383 1193 4431 eommdem
1213 4385 1393 4445 intervallorum,

128 4440 348 4495 ultuma-tione
358 4445 520 4506 propositionis
530 4444 662 4504 superioris.
772 4460 814 4505 per
834 4446 901 4492 Lem.
924 4447 956 4493 X.
987 4448 1101 4503 Quarbsi
1120 4448 1250 4496 velocitates
1269 4455 1395 4501 uniformes

155 4503 184 4570 P)
198 4513 270 4623 lppu
286 4514 313 4560 in
328 4509 488 4571 abruptura
509 4512 597 4557 metm
615 4511 741 4557 intervallo-
772 4509 857 4570 quibus
867 4510 952 4557 similes
963 4526 1029 4558 arcus
1040 4521 1157 4559 nascentes
1168 4529 1183 4573 p
1194 4530 1216 4576 q,
1232 4515 1394 4579 PQoequali-

133 4582 180 4619 m.
355 4576 475 4621 tercubuo
519 4588 542 4635 q.
562 4572 583 4620 P
596 4573 622 4628 Q
635 4583 739 4633 tempor·
770 4574 911 4622 bussilibus
920 4577 1051 4636 osntnpetis
1066 4576 1232 4633 describuntur.
1245 4579 1350 4628 dicantur
1362 4580 1392 4639 V,

136 4631 553 4700 wammamuautmuurq,
568 4637 700 4691 Rqunt
714 4637 738 4684 in
770 4640 1108 4700 r,temporeT,t,aritT²:
1123 4644 1267 4709 t²==rq2
1284 4647 1388 4702 ltu:
