3188 5444
148 499 211 557 ³44
443 479 781 552 PHILOSOPHIAE
804 472 1078 542 NATURALIS
1149 469 1263 552 [Mor.
1280 465 1430 533 Coma.

147 663 271 733 tionalia
286 663 326 727 sit
346 659 443 746 ipsius
458 660 489 723 vi
504 656 664 734 absolutoe,
682 664 775 719 erunt
787 653 869 716 vires
884 650 947 714 illae
965 650 992 714 N
1010 647 1060 726 M,
1079 644 1120 712 M
1134 645 1174 722 L,
1201 655 1235 709 et
1259 663 1367 707 earam
1390 639 1432 705 ei-

144 771 247 836 ·fectus
262 767 378 834 directe
392 780 428 831 ut
442 766 539 831 cubus
550 762 693 828 diametri
708 758 886 845 apparentis
900 756 1063 844 longinqui
1077 751 1217 838 corporis
1234 752 1258 816 S
1272 772 1292 814 e
1306 768 1432 833 corpore

149 879 181 944 T
196 876 335 962 spectati,
352 887 384 939 et
398 874 464 938 vioe
478 870 577 937 versi.
622 869 767 954 Namque
780 865 831 931 hae
845 865 982 930 rationes
995 861 1117 927 eaedem
1136 870 1220 936 aunt,
1241 869 1336 944 atque
1356 853 1431 919 ratio

147 988 290 1073 superior
302 983 484 1068 composita.

195 1929 292 1992 Corol.
311 1936 360 1991 15.
385 1924 424 2010 (l)
448 1925 492 1989 Et
518 1925 665 2011 quoniam
689 1925 724 2004 si,
749 1925 946 1990 manentibus
974 1923 1098 1989 orbium
1125 1922 1155 1986 E
1171 1923 1195 1989 S
1211 1922 1241 1986 E
1266 1933 1299 1986 et
1321 1921 1390 1987 Pa
1444 1924 1460 1991 “.

150 2033 260 2109 sormi,
276 2030 530 2116 proportionibus
546 2040 579 2094 ct
592 2031 791 2095 inclinatione
806 2031 846 2094 ad
861 2031 1004 2105 invicem,
1029 2041 1166 2092 mutetur
1188 2050 1298 2092 eorum
1320 2034 1460 2112 magni

151 2140 238 2217 tudo,
255 2152 286 2203 et
301 2139 328 2201 si
343 2159 509 2221 corporum
526 2138 550 2204 S
564 2149 596 2200 ct
610 2137 642 2201 T
657 2138 704 2200 vel
720 2151 876 2215 maneant,
899 2136 948 2200 vel
962 2149 1122 2200 mutentur
1136 2135 1217 2199 vires
1232 2135 1265 2197 in
1280 2133 1350 2198 dart
1363 2136 1460 2219 <pti

151 2249 198 2311 via
213 2246 349 2321 ratione;
373 2245 410 2328 (⁰)
432 2243 484 2305 hae
498 2243 578 2307 vires
601 2243 674 2329 (hoc
689 2259 745 2322 est,
762 2245 806 2308 vis
821 2245 961 2328 corporis
979 2245 1019 2321 T,
1037 2242 1097 2330 quai
1120 2265 1234 2327 corpus
1252 2241 1332 2308 Pde
1351 2257 1455 2313 recto

154 2356 278 2422 tramite
293 2355 325 2416 ἰιι
341 2352 473 2417 orbitam
490 2352 517 2416 P
532 2353 564 2416 A
580 2353 609 2417 B
624 2352 798 2432 deflectere,
815 2366 846 2417 et
862 2353 907 2416 vis
922 2353 1061 2437 corporis
1077 2353 1109 2428 S,
1136 2352 1198 2436 quai
1222 2372 1335 2435 corpus
1357 2348 1444 2417 iden

154 2457 348 2525 Pdeorbitri
363 2458 416 2523 illai
438 2456 562 2521 deviare
585 2459 719 2545 cogitur)
744 2472 841 2545 agunt
864 2480 985 2542 semper
1008 2457 1119 2521 eodem
1144 2456 1252 2534 modo,
1278 2468 1310 2521 et
1332 2452 1434 2521 erden

151 2565 373 2651 proportione:
396 2584 521 2627 necesse
536 2575 583 2627 est
597 2578 632 2628 ut
647 2564 760 2628 similes
776 2580 807 2629 et
821 2563 1071 2650 proportionales
1093 2563 1154 2626 sint
1176 2562 1304 2627 effectus
1323 2581 1425 2640 omne,

153 2688 186 2740 et
199 2673 444 2763 proportionalia
467 2673 632 2738 effectuum
649 2687 790 2760 tempora
800 2700 809 2752 3
832 2675 893 2739 hoc
908 2687 965 2752 est,
989 2687 1025 2738 ut
1037 2696 1158 2738 errores
1181 2696 1291 2738 omnes
1308 2672 1419 2737 lineares

155 2784 217 2848 sint
231 2798 266 2847 ut
280 2782 403 2845 orbium
418 2781 572 2859 diametri,
588 2782 753 2869 angulares
769 2782 843 2846 verb
858 2782 962 2859 iidem,
986 2782 1039 2868 qui
1060 2781 1157 2865 prius,
1185 2793 1217 2845 et
1242 2800 1372 2845 errorum
1389 2774 1417 2838 li·

155 2890 294 2955 nearium
310 2889 467 2967 similium,
490 2888 539 2955 vel
561 2889 759 2976 angularium
777 2889 944 2976 aequalium
959 2902 1104 2973 tempora
1117 2900 1152 2951 ut
1166 2887 1290 2952 orbium
1303 2900 1414 2969 tempori

154 2998 322 3087 periodica.

172 3107 297 3211 'Corot
320 3114 369 3170 16.
394 3104 500 3183 Unde,
517 3106 542 3167 si
557 3104 671 3169 dentur
686 3104 807 3168 orbium
822 3102 931 3167 sormae
953 3117 985 3167 et
1006 3103 1163 3167 inclinatio
1186 3101 1227 3167 ad
1249 3102 1412 3174 invicem

156 3224 318 3277 mutentur
333 3223 490 3297 utcunque
506 3234 671 3297 corporum
688 3210 926 3298 magnitudines,
951 3213 1031 3273 vires
1055 3222 1087 3273 et
1107 3210 1281 3286 distantiae3
1301 3229 1337 3272 ex
1354 3198 1410 3267 dati!

157 3318 312 3384 erroribus
328 3331 359 3381 et
374 3340 515 3381 errorum
530 3319 723 3403 temporibus
738 3319 771 3380 in
786 3341 849 3382 uno
872 3340 955 3394 casu,
984 3316 1088 3403 colligi
1101 3306 1242 3400 'possunt
1266 3332 1372 3380 errores
1388 3318 1410 3368 ὅ

191 3515 224 3580 (l)
242 3518 256 3544 ⁹
275 3516 307 3562 Et
324 3516 433 3576 quoniam
452 3517 471 3563 ιι·
489 3519 641 3571 manentibus,
653 3517 695 3562 &c
732 3516 788 3563 Hoc
819 3516 928 3565 tionibus.
942 3515 1029 3564 anteat
1040 3525 1092 3577 post
1107 3516 1228 3563 distantias
1246 3515 1343 3578 viroque
1355 3511 1409 3555 Μ·

159 3592 201 3633 est.
214 3579 233 3625 ai
245 3594 366 3638 corporum
380 3579 396 3624 S
408 3589 431 3626 et
443 3581 465 3626 Τ
476 3580 511 3625 vel
523 3590 632 3626 inaurant
642 3580 678 3625 vel
694 3590 787 3626 mutan·
819 3591 854 3627 tas
872 3582 978 3627 omnium
999 3581 1111 3627 linearum
1133 3581 1191 3633 81².
1211 3581 1228 3627 S
1241 3580 1274 3636 K,
1291 3579 1316 3627 bl
1328 3564 1408 3643 lein·

159 3655 198 3692 tur
209 3646 267 3690 vires
277 3642 388 3688 absolutae
399 3643 424 3688 in
435 3643 488 3690 dati
505 3644 585 3704 quivis
601 3645 695 3695 ratione,
713 3654 736 3690 et
751 3660 787 3689 or·
821 3646 844 3691 N
859 3646 895 3700 lii,
907 3647 948 3691 tir.
963 3645 1042 3691 eadam
1055 3656 1134 3691 manet
1145 3646 1210 3702 ratio,
1228 3655 1296 3706 atque
1309 3640 1359 3689 adeo
1368 3640 1408 3678 Μ

159 3710 225 3756 bium
241 3709 261 3754 E
275 3708 291 3753 S
307 3708 326 3752 li
339 3717 362 3752 et
375 3707 396 3754 P
409 3709 430 3753 A
445 3709 474 3762 B,
487 3708 624 3769 magnitudo
636 3707 786 3756 immutetur.
818 3720 892 3770 agunt
909 3724 999 3769 semper
1017 3708 1098 3755 eodem
1117 3709 1188 3758 modo
1207 3720 1230 3757 et
1248 3709 1325 3755 eidem
1341 3706 1408 3764 W

160 3783 188 3818 ut
199 3775 261 3819 orbis
274 3771 296 3818 E
310 3771 326 3816 S
339 3770 361 3817 E
373 3772 414 3817 sibi
433 3772 515 3817 similis
532 3787 623 3831 seniper
639 3783 737 3825 mancat,
747 3772 790 3818 sic·
819 3773 889 3819 tione.
928 3773 1028 3820 Necesse
1039 3773 1111 3835 igitur
1121 3784 1156 3820 est
1172 3784 1200 3819 ut
1215 3772 1270 3820 unte*
1285 3781 1307 3819 tt
1322 3756 1408 3835 puis?

163 3843 191 3888 ut
211 3847 234 3883 et
244 3836 305 3883 orbis
318 3834 339 3881 P
353 3835 374 3881 A
391 3836 411 3882 B
423 3835 470 3882 aibi.
489 3846 511 3881 et
523 3837 605 3882 horum
617 3837 707 3883 orbium
720 3837 786 3882 incli-
819 3837 1013 3885 remissarum
1024 3849 1124 3884 mutatas
1135 3837 1158 3883 in
1170 3832 1408 3885 detunctorum*

161 3900 225 3947 natio
236 3915 283 3946 non
295 3909 405 3954 mutetur,
418 3915 461 3945 nec
471 3901 588 3959 proportio
605 3916 645 3947 seu
664 3901 721 3946 ratio
738 3902 786 3947 ari·
819 3901 852 3947 les
863 3917 889 3947 ac
901 3902 1081 3961 proportionales
1091 3902 1138 3948 sint
1148 3901 1245 3949 aflectus
1255 3913 1331 3948 onina!
1342 3902 1361 3941 tl
1370 3896 1408 3947 Ρ·

161 3964 284 4010 umunius
303 3965 364 4011 orbis
382 3963 411 4009 ad
429 3979 482 4009 axes
501 3964 595 4010 alterius
613 3976 654 4011 aut
673 3964 786 4010 linearum
819 3965 955 4025 portionalia
977 3967 1103 4012 effectuum
1125 3975 1229 4026 tempora
1247 3964 1321 4028 (196);
1334 3954 1407 4009 Μ

161 4028 331 4088 quarumvisin
344 4042 391 4074 uno
402 4029 457 4074 orba
474 4027 503 4073 ad
521 4027 594 4074 lineas
610 4028 746 4091 homologna
762 4030 786 4074 in
818 4045 996 4076 erroreaomnea
1016 4030 1113 4076 lineares
1131 4030 1219 4077 similes
1237 4047 1252 4076 ι
1268 4028 1345 4074 viatus
1358 4004 1408 4067 ss·
1458 4058 1460 4073 ,

161 4093 305 4138 caraune
493 4112 497 4121 -
820 4093 845 4141 N
864 4094 890 4139 ar
912 4094 1024 4152 pronum.
1046 4110 1086 4140 sau
1103 4093 1246 4142 duratione·
1262 4087 1352 4152 eaput·
1364 4072 1408 4147 l?
1458 4142 1460 4155 ,

194 4155 229 4216 (⁰)
249 4162 260 4184 '
280 4158 327 4204 Her
346 4157 411 4212 rirer,
432 4156 473 4202 Sc.
518 4156 561 4202 Vis
579 4156 723 4204 acceleratrir
741 4156 788 4219 qui
819 4157 989 4220 longitudinem
1001 4157 1208 4205 etlatitudinema
1224 4156 1281 4204 locis
1295 4154 1336 4202 iilis
1347 4148 1409 4202 Ν·
1457 4162 1460 4217 ζ

162 4234 245 4280 rorpua
259 4220 315 4267 Pin
328 4219 379 4267 loto
394 4218 503 4267 Prersbs
516 4221 537 4266 T
549 4221 653 4275 trahitur,
665 4232 699 4268 cst
718 4222 788 4284 (512)
820 4224 864 4268 bus
880 4233 1014 4277 versaretur,
1032 4222 1050 4268 ai
1070 4222 1156 4268 viribus
1175 4198 1408 4285 penurwubutll·
1458 4226 1460 4253 ²

162 4283 191 4329 ad
204 4284 443 4331 rimacteleratrirem
459 4285 505 4345 quai
524 4285 745 4348 versuaSnrgetur,
763 4286 786 4332 in
820 4286 885 4335 ΝΜ
898 4302 944 4332 non
956 4288 1088 4348 agitaretur,
1105 4297 1162 4333 sunt
1177 4297 1205 4333 ut
1221 4286 1310 4333 orbium
1326 4263 1410 4329 Μ
1456 4256 1460 4343 l

162 4346 251 4395 ratione
261 4348 386 4407 compositi
396 4363 424 4395 ex
435 4348 524 4395 ratione
535 4348 618 4394 directa
632 4349 666 4395 vis
676 4349 786 4395 absoluta
819 4361 841 4396 et
853 4350 932 4413 angrrli
945 4352 988 4397 aab
999 4350 1198 4411 quibuaecrntro
1210 4328 1411 4397 ’1ἰ1ειίιιὶο111ιι
1457 4352 1460 4411 ξ

163 4411 338 4470 corporis'l'ad
350 4414 395 4460 rim
407 4412 534 4460 absolutam
552 4414 652 4467 corrone
671 4415 695 4469 S,
712 4424 736 4459 et
752 4429 788 4459 ra·
820 4415 907 4461 similes
917 4413 1031 4466 videntur.
1043 4430 1135 4474 semper
1145 4424 1242 4461 manent
1252 4406 1411 4475 taurini?
1457 4448 1460 4473 ¹

163 4475 227 4521 tione
238 4475 327 4522 inverati
340 4476 457 4536 duplicati
468 4476 690 4524 distantrml‘l'ad
702 4476 788 4523 disten·
820 4488 853 4525 tet
863 4494 891 4524 cx
903 4478 985 4525 naturai
1002 4477 1130 4540 figurarum
1149 4478 1262 4525 similium
1282 4462 1412 4537 (Lami-⁸
1458 4504 1460 4509 ·

163 4539 219 4584 tiam
235 4538 290 4587 PS.
328 4540 408 4595 Quare
420 4543 438 4588 si
450 4540 788 4588 viresabsoluroeetdistrntioe
820 4553 867 4589 not.
893 4543 959 4601 119),
976 4553 999 4589 et
1018 4557 1123 4589 errorum
1141 4542 1265 4589 linearium
1281 4514 1413 4605 amiton!
1458 4538 1460 4543 '

162 4601 186 4647 in
199 4601 259 4648 datis
269 4605 396 4651 rationibus
405 4614 533 4659 mutentur,
551 4605 742 4652 manebiteadem
754 4605 788 4650 ri.
820 4606 967 4669 angularium
979 4606 1105 4668 aequalium
1117 4619 1228 4668 tempora.
1247 4614 1301 4653 sunt
1315 4594 1414 4669 ΜΨ

163 4666 432 4730 riunraccelrratrirumn
441 4669 788 4732 ratioetoufigurammsimi-
821 4680 923 4731 tempora
945 4670 1060 4731 periodica
1080 4673 1159 4733 (196)
1197 4670 1259 4717 Ηκ
1278 4658 1415 4716 mnia&

162 4730 296 4789 titudinem,
315 4731 339 4778 in
356 4734 470 4782 similibus
480 4749 601 4796 corporum
616 4733 644 4792 P,
657 4734 686 4792 T,
699 4735 716 4782 S
727 4734 787 4799 poai-
821 4736 931 4791 obtinent,
943 4736 984 4783 ubi
994 4750 1117 4796 corporum
1128 4734 1231 4784 duorum
1244 4734 1273 4793 T,
1285 4743 1307 4781 rt
1317 4726 1418 4791 ΡΜ
