3202 5446
616 563 620 569 Ι
680 464 942 534 asenario.
1382 492 1450 540 m

154 641 301 708 stituumr
322 649 429 705 motus
450 640 590 705 suussus.
637 640 713 706 Hoc
734 654 839 709 autem
859 641 923 706 diei
950 662 1015 706 nou
1036 644 1163 728 poterit,
1192 643 1255 708 uisi
1280 644 1449 731 impressio

153 751 241 819 fluidi
261 752 298 818 iu
318 773 436 837 eorpus
457 750 499 816 ad
519 763 624 836 partas
638 752 775 836 posticas
790 751 919 840 aequalis
932 741 1028 817 fiserit
1039 753 1240 838 impressioni
1252 755 1395 841 eorporis
1413 755 1448 822 iu

152 860 286 927 fluidum
299 861 343 926 ad
356 871 463 946 partes
484 860 613 939 anticas,
634 860 696 924 hoe
718 875 775 940 est,
798 861 858 925 nisi
871 860 1018 926 velocitas
1032 861 1162 927 relativa
1175 862 1238 951 qui
1250 863 1385 928 fluidum
1404 865 1448 930 ir·

152 966 214 1032 ruit
226 967 263 1031 iu
277 989 396 1053 eorpus
409 989 431 1030 a
439 979 539 1054 tergo,
552 966 681 1052 aequalis
690 966 786 1032 fuerit
794 967 952 1034 velocitati
962 966 1024 1054 qui
1036 988 1150 1053 eorpus
1157 969 1252 1034 irrisit
1260 970 1294 1033 iu
1303 970 1446 1048 fluidum,

152 1074 185 1141 id
196 1087 259 1153 est,
282 1074 347 1141 uisi
361 1072 509 1140 velocitas
530 1068 674 1140 absoluta
694 1074 783 1141 fluidi
802 1076 992 1141 resumentis
1006 1075 1106 1160 duplo
1125 1078 1226 1162 major
1246 1076 1340 1143 fuerit
1353 1101 1447 1166 quam

153 1183 303 1250 velocitas
317 1181 462 1247 absoluta
474 1181 565 1246 fluidi
579 1181 740 1267 propulsi3
762 1183 848 1270 quod
867 1183 938 1249 lieri
952 1182 1070 1269 nequit
1115 1183 1214 1248 Nullo
1233 1184 1330 1273 igituir
1349 1187 1447 1252 modo

153 1293 220 1358 tolli
232 1303 343 1378 pateat
355 1291 526 1357 fluidorum
539 1291 724 1371 resistentia,
748 1315 820 1380 qua·
834 1292 935 1357 oriurr
949 1292 989 1356 ab
1004 1291 1176 1357 eorundem
1190 1293 1342 1361 densitate
1361 1308 1396 1361 et
1416 1297 1448 1360 vi

152 1403 285 1469 uerae
330 1402 444 1489 Itaque
457 1399 708 1468 concludendum
723 1400 781 1466 erit
788 1425 798 1478 ς
820 1400 910 1466 fluidi
923 1400 1057 1466 coeleatia
1071 1400 1191 1466 nullam
1204 1425 1273 1467 esse
1290 1404 1353 1467 vim
1363 1405 1448 1470 iuer«

153 1513 214 1590 ἴω,
230 1510 307 1578 crim
319 1510 410 1577 nulla
424 1510 465 1576 sit
478 1510 525 1575 vis
542 1510 724 1575 resistendi:
746 1509 866 1575 nullam
879 1532 948 1574 esse
961 1510 1025 1574 vim
1040 1509 1102 1596 qui
1116 1523 1220 1576 motu
1237 1513 1446 1578 eommunice-

154 1633 213 1699 tur,
234 1618 314 1687 culm
333 1619 423 1688 nulla
436 1619 479 1685 sit
491 1620 538 1684 vis
552 1620 690 1685 inertiae:
714 1620 834 1685 nullam
847 1643 916 1687 esse
929 1620 992 1684 vim
1007 1619 1069 1708 qud
1084 1623 1215 1687 mutabo
1229 1622 1376 1708 quaelibet
1396 1622 1448 1687 vel

155 1726 341 1812 torporibus
363 1727 494 1816 siugulis
515 1727 565 1792 val
583 1726 726 1813 pluribus
743 1727 920 1805 iuduoatur,
943 1725 1017 1791 cum
1037 1727 1125 1792 nulla
1141 1731 1181 1794 sit
1199 1731 1246 1794 vis
1265 1730 1328 1817 quh
1341 1743 1447 1796 motus

156 1833 421 1913 summissum
443 1833 564 1901 nullam
578 1857 646 1901 esse
660 1834 789 1901 omnint
800 1835 978 1914 efficaciam,
995 1837 1165 1901 camanulla
1179 1839 1219 1902 sit
1232 1838 1362 1904 hculms
1376 1862 1447 1905 mu·

162 1944 317 2013 tationem
330 1944 499 2032 quamlibet
511 1944 689 2011 inducendi.
741 1945 866 2023 Quidni
884 1968 961 2034 ergo
976 1944 1060 2010 hauc
1073 1946 1272 2033 hypothesin,
1289 1970 1360 2034 quae
1374 1947 1447 2015 firn-

158 2053 308 2119 dsmeuta
319 2052 411 2139 piare
419 2054 613 2132 destituitur,
629 2077 762 2142 qumque
775 2066 896 2119 naturae
907 2075 1012 2118 terrun
1023 2053 1220 2139 explicandae
1227 2077 1270 2119 ne
1279 2046 1446 2121 minimilm

158 2160 285 2247 qu'ulem
302 2149 442 2240 inservit,
462 2162 686 2247 ineptissimam
704 2184 818 2228 sonare
836 2161 928 2227 lioeat
942 2175 976 2228 et
995 2161 1186 2248 philosoph
1199 2162 1329 2249 proretis
1343 2165 1448 2253 indig-

155 2289 237 2337 uam.
278 2270 350 2348 Qui
363 2271 460 2337 ooeloe
473 2271 604 2338 materiis
616 2272 714 2337 fluidi
729 2258 865 2358 repletos
878 2295 947 2338 esse
960 2274 1081 2352 volunt,
1096 2274 1180 2339 hane
1193 2274 1269 2339 verh
1283 2297 1348 2339 non
1363 2277 1447 2340 iner-

157 2390 215 2444 tem
226 2401 301 2445 esse
312 2391 474 2456 statuunt3
494 2379 530 2444 hi
544 2381 647 2445 verbis
660 2381 775 2446 tollunt
787 2402 931 2458 vacuum,
954 2403 990 2447 re
1009 2395 1142 2467 ponunt.
1197 2382 1280 2448 Nam
1295 2404 1368 2448 oum
1388 2383 1446 2449 hu·

153 2488 288 2573 jusmodi
300 2491 435 2554 metuis
447 2489 545 2554 fluida
557 2490 679 2555 ratium
692 2489 778 2554 nulli
793 2491 914 2556 seoerni
927 2492 1026 2576 possit
1039 2493 1079 2556 ab
1092 2492 1179 2557 inani
1199 2493 1301 2578 spatio
1308 2517 1318 2570 3
1340 2494 1447 2579 dispu-

153 2598 227 2664 ntia
248 2611 317 2664 tota
337 2599 376 2664 iit
390 2599 431 2664 de
445 2622 551 2665 rerum
572 2600 761 2679 nominihus,
780 2623 847 2665 nou
867 2600 909 2666 de
929 2602 1058 2666 naturis.
1112 2603 1211 2678 Quod
1231 2605 1259 2668 si
1272 2605 1369 2692 aliqui
1377 2607 1449 2671 siut

154 2709 232 2774 «leh
242 2733 345 2797 usque
356 2709 455 2775 dediti
464 2712 614 2790 materie,
625 2723 662 2775 ut
672 2711 806 2796 spatium
815 2734 837 2775 a
849 2710 1034 2796 corporibus
1045 2733 1178 2776 taetrum
1188 2713 1276 2778 nullo
1286 2727 1380 2799 pacta
1391 2716 1448 2780 ad·

159 2820 343 2885 mittendum
356 2821 485 2886 credere
498 2822 612 2899 velint3
633 2821 794 2886 videamus
807 2843 872 2908 quo
886 2821 1014 2886 mndata
1025 2834 1171 2906 oporteat
1184 2822 1240 2886 illo
1253 2825 1430 2908 pervenire.

197 2928 258 2995 Vel
273 2931 360 2995 euim
373 2930 480 2995 dicent
493 2930 586 3008 hanc,
602 2951 697 3016 quam
712 2929 905 3017 confingunt,
928 2928 1039 2993 mundi
1061 2952 1124 3015 per·
1138 2931 1247 2994 omnia
1267 2930 1354 3016 pleni
1371 2954 1447 2996 con-

159 3039 348 3105 stitutionem
362 3061 403 3105 ex
417 3040 577 3106 voluntate
591 3039 656 3105 Dei
669 3038 841 3124 prolectam
855 3061 933 3116 esse,
955 3051 1085 3124 propter
1104 3060 1177 3102 eum
1191 3039 1298 3117 lineum
1321 3052 1358 3103 ut
1372 3062 1448 3125 ope-

160 3147 329 3214 rsu'ouibus
339 3162 465 3213 naturae
479 3147 653 3213 subsidium
663 3167 806 3231 praesens
820 3145 929 3210 haberi
944 3159 1050 3231 posset
1064 3147 1104 3211 ab
1115 3146 1231 3211 aethere
1246 3146 1448 3212 subtilissimo

158 3267 267 3319 oruata
277 3267 464 3340 permeante
473 3267 510 3320 at
523 3254 690 3340 implente3
708 3252 795 3340 quod
808 3266 914 3317 mmeu
928 3252 990 3317 dioi
1005 3275 1069 3317 non
1084 3265 1198 3338 potest,
1214 3253 1369 3339 siquidem
1380 3256 1448 3340 jam

160 3373 315 3426 minum
325 3376 379 3439 est
391 3383 433 3426 ex
448 3374 640 3426 oometamna
659 3360 887 3446 phaenomenb,
907 3360 1027 3424 nullam
1047 3383 1117 3426 esse
1135 3360 1228 3447 hujus
1243 3361 1369 3426 aetheris
1383 3361 1448 3426 effi·
1467 3438 1470 3464 1

157 3472 290 3537 udam:
304 3473 357 3538 vel
367 3472 473 3537 disent
482 3494 524 3537 ex
534 3472 694 3537 voluntate
705 3472 769 3536 Dei
783 3469 956 3555 profectam
967 3493 1043 3548 eme,
1063 3483 1196 3556 propter
1206 3471 1301 3535 finem
1312 3471 1448 3556 aliquem

155 3580 316 3668 igraotum3
337 3581 426 3668 quod
440 3602 542 3667 neque
553 3580 618 3645 dici
639 3580 742 3658 debet,
765 3579 918 3665 siquidem
936 3579 1059 3645 diversa
1071 3579 1183 3645 mundi
1197 3580 1379 3645 constitutio
1393 3603 1447 3644 eo-

157 3688 231 3754 dem
244 3703 430 3777 argtrmento
442 3690 562 3773 pariter
575 3687 706 3753 stabiliri
719 3700 842 3772 posset:
864 3686 916 3752 vel
930 3686 1065 3773 denique
1076 3708 1143 3751 non
1158 3687 1264 3752 dicent
1280 3709 1324 3753 ex
1335 3687 1449 3752 uolun-

159 3811 220 3862 tate
242 3797 307 3865 Dei
328 3797 501 3883 proiectam
521 3821 601 3878 esse,
623 3798 681 3863 sed
701 3820 744 3862 ex
765 3797 949 3863 nenessitate
969 3797 1105 3883 quidam
1127 3810 1258 3862 nawa.
1303 3797 1448 3864 Tandem

160 3908 252 3995 ῂίωῐ
266 3907 372 3972 delabi
385 3919 510 3992 oportet
530 3907 565 3970 in
586 3906 679 3971 faeoes
693 3905 835 3970 sordidas
850 3905 955 3993 gregia
968 3905 1181 3989 impurissimi.
1231 3905 1279 3970 Hi
1300 3918 1373 3970 suut
1392 3906 1448 3990 qui

161 4016 395 4082 somniant-lato
409 4017 553 4081 nuberes
565 4017 645 4105 regi,
661 4037 726 4080 non
738 4015 955 4101 providentia3
972 4015 1133 4080 materiam
1145 4038 1186 4082 ex
1197 4016 1379 4081 necessitate
1393 4016 1448 4082 sui

161 4150 283 4213 semper
295 4140 332 4192 at
351 4127 467 4214 ubique
481 4127 635 4204 extitisse,
655 4126 812 4190 infinitam
833 4147 901 4190 esse
922 4138 955 4190 et
968 4137 1128 4192 aeternam.
1182 4124 1307 4200 Quibus
1321 4126 1448 4210 positis;

159 4241 218 4303 erit
230 4240 328 4303 etium
341 4237 543 4324 undiquaque
556 4236 741 4302 uniformis:
763 4256 838 4300 uam
852 4235 984 4300 varietas
998 4234 1169 4299 formarum
1177 4253 1253 4298 oum
1266 4235 1450 4300 necessitate

161 4349 291 4414 ouutinb
304 4361 434 4438 pugnat.
477 4348 550 4412 Erit
564 4349 658 4412 etiam
672 4347 818 4411 humata:
840 4368 915 4410 nam
930 4347 956 4410 si
970 4345 1149 4411 necessario
1163 4358 1324 4411 moveatur
1334 4346 1368 4409 iu
1381 4347 1450 4431 pla-

163 4479 234 4544 gam
249 4458 385 4544 aliquam
400 4457 654 4532 determinatam
672 4476 750 4520 oum
770 4454 976 4520 determinata
989 4456 1093 4541 aliqua
1106 4455 1268 4520 velocitate
1276 4479 1286 4532 3
1308 4455 1377 4540 pari
1394 4477 1450 4519 ne·

162 4569 304 4632 cessitate
318 4569 496 4633 movebitur
510 4567 543 4630 in
558 4567 683 4654 plagam
712 4566 867 4631 diversam
881 4587 954 4630 oum
967 4566 1091 4634 diversa
1105 4566 1278 4645 velocitate,
1294 4568 1327 4631 in
1341 4566 1449 4653 plagas

164 4692 267 4742 antem
290 4676 439 4754 diversas,
463 4698 534 4740 cum
558 4674 686 4740 diversis
709 4674 930 4751 velocitatibus,
958 4676 1075 4739 moveri
1097 4696 1161 4738 non
1184 4689 1288 4759 potest
1295 4699 1304 4751 3
1327 4685 1450 4755 oportet
