3188 5444
170 520 233 583 642
489 509 833 578 PHILOSOPHIAE
857 507 1135 612 NitTURALIS
1186 508 1467 591 [Momcoaror.

159 686 193 754 A
209 685 239 753 B
254 699 286 750 ct
303 684 336 750 K
355 683 380 748 L
395 682 499 770 quoad
514 704 642 748 sensum
656 691 830 759 evanescat,
847 690 880 744 et
887 701 968 744 vena
977 702 1070 766 aquae
1083 680 1330 747 horizontaliter
1344 682 1468 748 exilius·

158 797 200 860 tis
214 795 349 883 figuram
368 792 580 878 parabolicam
602 790 763 855 efformet:
788 789 827 875 (¹)
844 810 885 852 ex
899 788 997 852 latere
1012 801 1100 853 recto
1114 789 1211 874 hujus
1227 789 1396 874 pentola
1409 791 1468 855 col·

158 903 283 990 ligetur,
300 901 387 988 quod
400 901 548 966 velocitas
562 904 660 989 aquoe'
668 901 823 966 effluentis
837 925 877 966 ea
890 903 931 967 sit
946 924 1040 988 quam
1056 925 1172 994 corpus
1187 903 1233 968 ab
1248 926 1346 990 aquae
1360 906 1468 970 inme

60 1050 65 1059 ·
159 1009 331 1096 stagnantis
357 1007 524 1072 altitudine
548 1008 584 1071 H
601 1008 634 1074 G
655 1008 704 1071 vel
729 1008 745 1073 1
762 1008 796 1073 G
817 1008 961 1073 cadendo
980 1002 1145 1095 acquirere
1150 1009 1331 1094 potuisset.
1376 1010 1466 1076 Facto

159 1115 267 1203 utique
281 1115 499 1200 experimento
513 1115 618 1179 inveni
634 1115 730 1202 quod,
757 1117 784 1180 si
806 1116 940 1180 altitudo
961 1138 1052 1203 aqure
1074 1117 1257 1203 stagnantis
1273 1139 1378 1202 supra
1390 1117 1465 1182 iore

158 1227 328 1286 meu'esset
341 1221 451 1308 viginti
465 1219 637 1308 digitorum
652 1232 684 1285 et
697 1220 831 1285 altitudo
845 1220 1007 1285 foraminis
1030 1243 1126 1307 supra
1147 1221 1290 1305 planum
1312 1221 1459 1288 hor'mout'

157 1333 342 1418 parallelum
356 1344 439 1397 esset
453 1355 578 1419 quoque
601 1332 713 1420 viginti
727 1332 908 1420 digitorum,
931 1353 1011 1396 vena
1024 1353 1116 1418 aquae
1129 1332 1338 1417 prosilientis
1353 1333 1459 1398 incide·

158 1456 209 1506 ret
231 1443 276 1508 in,
288 1442 419 1527 planum
445 1442 524 1507 illud
543 1442 585 1506 ad
605 1443 784 1507 distantiam
809 1442 979 1532 digitorum
998 1451 1039 1512 ³7
1065 1443 1192 1508 circiter
1206 1466 1228 1508 a
1243 1443 1460 1529 perpendimlo

158 1552 245 1638 quod
259 1553 293 1616 in
307 1551 439 1637 planum
453 1553 531 1617 illud
547 1576 567 1617 a
580 1553 735 1618 foramine
756 1553 979 1617 demittebatur
993 1565 1128 1637 captam.
1175 1553 1268 1617 Nam
1293 1555 1365 1617 sine
1383 1554 1461 1616 retis·

158 1660 264 1738 tentiis,
281 1684 361 1725 vena
375 1661 414 1747 (⁸)
430 1662 569 1728 incidere
583 1663 744 1728 debuisset
758 1663 791 1726 in
806 1662 936 1748 planum
950 1662 1028 1726 illud
1038 1661 1078 1726 ad
1089 1662 1281 1728 distantiam
1297 1663 1460 1753 digitorum

157 1780 211 1849 40,
226 1772 379 1838 existente
390 1795 480 1838 vcnoe
494 1773 684 1859 parabolicae
699 1774 795 1838 latere
811 1786 898 1838 recto
912 1772 1081 1858 digitorum
1098 1782 1152 1838 80.
1406 1832 1410 1838 ,

205 1882 274 1947 Cas.
290 1893 321 1947 4.
372 1884 460 1961 Quin
476 1885 569 1949 etiam
584 1907 667 1971 aqua
680 1883 821 1962 effluens,
844 1885 872 1948 si
886 1906 1012 1949 sursum
1025 1883 1154 1962 feratur,
1177 1884 1300 1950 eisdem
1314 1886 1464 1975 egreditar

158 2011 230 2053 cum
245 1990 419 2057 velocitate.
465 1992 618 2057 Ascendit
631 1993 716 2057 enim
730 2014 821 2079 aquae
835 1991 990 2057 exilientis
1004 2013 1085 2055 vena
1097 2013 1200 2076 parva
1223 2007 1321 2058 motu
1339 2016 1463 2080 perpen-

157 2096 289 2162 diculari
304 2098 345 2164 ad
360 2122 452 2186 aquoe
466 2100 500 2165 in
516 2123 588 2164 vase
603 2099 776 2189 stagnantis
791 2097 988 2163 altitudinem
1003 2097 1037 2162 G
1053 2097 1090 2163 H
1105 2097 1157 2162 vel
1173 2099 1211 2163 G
1228 2098 1257 2176 Ι,
1284 2101 1350 2164 nisi
1363 2102 1463 2188 quite·

157 2226 218 2269 nus
243 2229 390 2272 ascensus
417 2209 483 2294 ejus
510 2208 550 2272 ab
572 2208 653 2272 aiiris
679 2205 852 2272 resistentib
876 2205 1102 2292 aliquantulum
1128 2205 1350 2291 impediatur3
1376 2209 1414 2293 (¹)
1431 2229 1463 2271 sc

156 2311 292 2398 proinde
307 2312 343 2378 eri
359 2313 458 2379 effluit
472 2337 544 2379 cum
560 2313 724 2378 velocitate
739 2334 833 2400 quam
847 2312 888 2378 ab
902 2311 1065 2377 altitudine
1079 2310 1133 2377 itit
1145 2312 1300 2378 cadendo
1311 2315 1463 2402 acquirere

155 2419 319 2503 potuisset
374 2422 479 2507 Aquae
509 2419 683 2508 stagnantis
715 2419 869 2505 particula
901 2441 1100 2506 unaqueque
1132 2418 1284 2507 undique
1318 2423 1463 2506 premitur

156 2524 405 2612 equitumper
421 2527 518 2611 Prop.
534 2526 634 2592 XIX.
652 2525 725 2592 Lib.
742 2526 802 2608 ll.)
825 2539 858 2592 et
870 2526 1023 2611 pressioni
1037 2525 1184 2590 cedendo
1208 2527 1334 2614 oequali
1353 2529 1463 2614 impeta

155 2630 190 2695 in
205 2652 314 2696 omnes
327 2645 433 2718 partes
455 2633 563 2713 fertur,
591 2634 655 2700 sive
670 2636 840 2702 descendat
860 2660 918 2723 per
938 2637 1079 2702 foramen
1101 2637 1135 2699 in
1156 2635 1267 2702 fundo
1288 2639 1385 2719 vasis,
1404 2639 1462 2704 sire

155 2737 391 2807 horizontaliter
405 2743 510 2809 effluat
523 2767 582 2830 per
595 2745 737 2812 foramen
752 2747 785 2811 iu
801 2750 868 2834 ejus
882 2747 989 2827 latere,
1006 2749 1072 2814 sive
1084 2748 1461 2837 egrediaturrincamln

155 2860 188 2913 et
202 2847 277 2914 inde
290 2849 440 2916 ascendat
451 2873 511 2936 per
525 2852 666 2918 foramen
685 2877 818 2939 parvum
840 2857 874 2919 in
895 2856 1056 2942 superiore
1078 2856 1199 2921 canalis
1223 2872 1324 2943 parte
1344 2858 1459 2924 neam

159 2953 205 3021 Et
225 2955 421 3022 velocitatem
435 2956 498 3045 quir
514 2982 596 3046 aqua
617 2959 716 3025 effluit
736 2984 805 3024 eam
827 2984 904 3041 esse,
931 2985 1023 3049 quam
1040 2963 1073 3026 in
1088 2962 1149 3026 haic
1166 2963 1398 3049 Propositione
1415 2985 1458 3030 ab

156 3125 236 3189 (2⁷2),
254 3136 297 3174 eut
345 3128 376 3175 od
393 3127 455 3176 idem
472 3138 515 3187 est,
532 3130 556 3176 iu
571 3130 661 3178 ratione
671 3128 791 3190 duplicata
821 3142 896 3180 meter
916 3133 941 3179 D
956 3133 982 3179 Η
999 3148 1040 3180 seu
1061 3131 1177 3180 verticalis
1196 3133 1220 3182 B
1234 3134 1263 3185 D
1282 3138 1397 3200 producte
1411 3141 1454 3200 (ta

155 3205 216 3236 arere
226 3191 308 3237 circuli
359 3192 600 3242 Fadareamcirculi
613 3199 634 3243 Δ
648 3196 677 3252 Β,
689 3193 789 3258 ideoque
824 3196 877 3244 Lib.
894 3197 936 3256 1.),
955 3197 1172 3257 capieturabecieea
1191 3201 1217 3249 D
1232 3201 1262 3248 Η
1359 3204 1366 3213 “
1387 3201 1456 3248 stri*

154 3254 174 3300 si
186 3255 245 3301 ratio
258 3255 280 3302 Ε
294 3255 314 3302 F
326 3255 356 3302 ed
369 3258 392 3303 A
408 3258 511 3318 Bparva
521 3259 558 3317 sit,
570 3260 648 3307 utinm
658 3260 788 3307 adhucerit
819 3260 870 3308 dini
884 3262 905 3308 B
920 3262 952 3317 D,
964 3262 1111 3326 duceturque
1121 3264 1234 3312 ordinata
1254 3266 1285 3313 Η
1344 3282 1396 3330 que
1410 3276 1455 3312 tn·

154 3319 214 3365 ratio
232 3318 245 3366 1
259 3319 351 3367 Hadi
367 3321 399 3379 G,
417 3332 442 3369 et
459 3322 486 3370 Η
501 3323 533 3380 θ,
552 3325 564 3372 1
579 3325 785 3373 Geruntedseu-
819 3325 884 3387 genti
898 3326 923 3372 D
936 3325 1079 3386 Tperailels
1093 3328 1155 3386 erit3
1174 3340 1262 3390 etquo
1279 3341 1386 3391 ternpore

154 3396 208 3429 sum
219 3383 328 3447 aequdoe.
816 3405 885 3451 aque
896 3390 919 3436 vi
930 3390 1048 3451 gravitatis
1057 3391 1165 3439 cadeudo
1176 3392 1338 3442 aitimdinem
1354 3396 1377 3443 B
1390 3340 1455 3441 Du:

823 3454 849 3502 D
859 3454 887 3501 H
897 3454 1006 3503 describit
1016 3456 1128 3503 uniformi
1139 3456 1184 3504 int
1192 3457 1322 3506 velocitate
1328 3471 1398 3521 gauro
1405 3471 1453 3504 αι

821 3533 863 3578 per
875 3519 897 3567 B
911 3521 936 3567 D
947 3519 1075 3582 acquisivit,
1087 3520 1199 3569 describit
1209 3521 1389 3585 longitudinem
1401 3521 1424 3568 Η
1434 3519 1451 3567 Ζ

821 3581 894 3643 ipsius
914 3584 936 3632 D
955 3584 980 3630 D
999 3584 1036 3630 rel
1055 3585 1080 3631 D
1099 3584 1126 3631 H
1145 3584 1258 3647 duplam,
1279 3591 1332 3650 (³0.
1346 3587 1397 3634 us
1412 3584 1450 3643 l.)-

821 3646 897 3694 latus
915 3660 1006 3695 rectum
1019 3648 1136 3709 parabole
1157 3649 1183 3697 D
1203 3650 1228 3698 N
1246 3651 1277 3721 ζ
1297 3647 1450 3712 petinend

819 3712 1449 3840 mammonetffirmeoemapo)

817 3851 1449 3918 ideoquseumsitnz=snfl=rwh=

818 3920 1061 3967 rectumest4BD.
1099 3920 1447 3984 igtundstudonnv·

817 3998 879 4047 equa
895 3982 1001 4031 cedendo
1016 3983 1145 4031 describere
1168 3983 1242 4033 debet
1261 3997 1291 4034 ut
1312 3985 1446 4034 vead·-

817 4047 1310 4157 l:equiratcumqu-ielucoDesilir,eet
1401 4058 1447 4108 μ’

841 4111 1147 4160 tenerectraddrsmetrum
1162 4113 1188 4161 D
1199 4112 1227 4161 Η
1368 4107 1446 4162 nrt

817 4175 961 4237 pertinentis.

852 4269 1385 4334 (emmanueuaurnprmnae
1414 4268 1444 4315 ἃ

216 4347 248 4402 H
690 4335 714 4389 7,
818 4332 1384 4400 mtmuameoun=unasffitm
1423 4332 1430 4342 ·

821 4346 1442 4463 summamusarenmwmos

706 4459 717 4470 “
818 4477 889 4524 quam
900 4476 961 4524 aque
970 4462 1021 4509 sius
1028 4460 1160 4510 resiste&
1166 4463 1320 4523 damiata,
1330 4457 1444 4534 inihi

182 4539 217 4602 (Υ)
231 4544 245 4573 ”
258 4544 376 4592 lichtere
392 4555 454 4594 recto
464 4547 536 4609 lisias
542 4548 665 4609 parabola.
702 4549 781 4610 Aque
817 4536 906 4573 mmm
926 4535 961 4573 “²
975 4525 1043 4601 ‘'iffi‘'
1062 4531 1104 4584 ⁸⁰⁹
1122 4536 1147 4602 ‘f
1165 4529 1279 4606 ‘'dil“
1291 4523 1443 4607 ΚΗΨ

148 4615 217 4667 gutta
227 4621 241 4652 e
251 4604 304 4652 ioco
317 4608 349 4662 D,
366 4608 496 4656 secundom
513 4610 665 4658 directiom
679 4613 780 4674 quemli·
817 4591 910 4667 wll
927 4600 963 4637 “t
977 4589 1045 4652 dm
1057 4591 1252 4670 ⁴⁰'.dlff“⁸¹¹.“¹
1268 4594 1377 4671 ³2⁴⁸*
1392 4599 1444 4638 a

147 4670 188 4717 bet
207 4670 229 4716 D
241 4669 264 4716 'l'
280 4669 360 4719 exiliat
369 4687 423 4718 cum
435 4673 463 4720 ei
474 4673 595 4722 velocitate
610 4690 681 4737 quam
693 4692 735 4738 per
744 4677 779 4724 al-
813 4653 934 4703 d¹⁸l⁸⁰²¹⁸¹
944 4660 984 4702 ⁴⁰·
996 4663 1021 4702 ἰ
1032 4659 1071 4703 ³⁷⁸
1085 4653 1156 4721 Ψ
1175 4670 1318 4708 '⁸⁸⁸⁰'
1333 4652 1444 4706 M

147 4733 273 4781 tractum
296 4735 317 4781 a
339 4736 362 4782 n
384 4736 489 4785 aarum
509 4739 629 4803 acquiras
649 4750 732 4801 poure
754 4749 779 4790 e
811 4729 854 4766 ⁸⁸¹·

146 4797 238 4846 sublati
257 4798 329 4845 medii
350 4799 486 4859 mut,
508 4803 623 4851 describet
643 4805 778 4866 pmbolam
845 4802 882 4867 (¹)
894 4807 908 4835 ⁶
921 4802 1193 4872 Acmlndudfflut'i
1205 4805 1442 4870 mulffliss

148 4861 175 4909 D
188 4861 212 4908 N
224 4863 251 4920 Ζ,
268 4863 337 4925 cujus
347 4871 424 4911 vertex
443 4865 476 4918 D.
493 4875 593 4929 tangens
606 4867 631 4915 D
643 4869 673 4926 T,
693 4871 778 4919 etdie.
812 4873 853 4917 26.
869 4867 922 4916 Lib.
939 4869 984 4930 1.)-
