3202 5446
55 528 349 607 LtnsnSaounn.]
381 527 625 594 PRINCIPIA
648 528 1023 598 MATHEMATICA.
1273 535 1333 609 653

31 771 33 775 ,
55 702 151 767 citato
166 700 337 788 cylindrus,
353 713 494 787 ternpore
510 703 654 782 cadendi,
671 703 882 791 quadruplum
896 705 1101 794 longitudinis
1111 727 1177 770 suae
1187 704 1353 774 describet
1416 748 1420 757 ·

57 808 250 874 Resistentia
270 822 376 873 antem
398 809 540 897 cylindri,
564 809 622 874 hac
641 809 803 876 velocitate
824 810 995 877 seotmddm
1013 812 1243 900 longitudinem
1264 838 1353 880 suam

55 915 296 1003 progredientis,
312 916 422 980 amem
437 930 484 981 est
498 939 570 980 cum
585 917 759 982 resistendi
774 918 890 982 circelli
905 924 975 1004 (per
986 918 1119 985 Lemma
1131 921 1203 1003 IV.)
1218 921 1354 1010 ideisque

56 1024 187 1111 oequalis
202 1037 251 1089 est
264 1026 295 1088 vi
310 1023 372 1111 quii
386 1038 489 1089 motus
512 1027 588 1110 ejus,
614 1025 810 1090 intereadum
826 1025 1038 1112 quadruplum
1059 1027 1264 1117 longitudinis
1286 1051 1354 1094 suae

55 1131 214 1209 describit,
232 1129 266 1218 (¹)
282 1133 426 1218 generari
440 1145 545 1217 potest
560 1132 809 1220 quamproxime.

102 1243 137 1309 Si
151 1241 317 1330 longitudo
332 1242 467 1329 cylindri
486 1256 639 1331 augeatur
660 1244 710 1309 vel
730 1244 898 1322 minuatim,
922 1254 1030 1309 motus·
1040 1245 1108 1329 ejus
1121 1260 1157 1311 ut
1172 1259 1205 1311 et
1218 1258 1352 1332 tempus,

55 1372 120 1437 quo
134 1349 346 1436 quadruplum
360 1350 567 1439 longitudinis
582 1374 648 1415 suae
663 1341 822 1430 describit,
840 1356 879 1437 (⁸)
895 1351 1062 1439 augebitur
1075 1352 1126 1416 vel
1140 1353 1299 1417 minuetur
1319 1353 1353 1417 in

55 1459 168 1525 eidem
181 1459 312 1538 ratione,
329 1458 464 1546 ideisque
479 1460 524 1524 vis
539 1460 602 1536 illa,
619 1457 680 1547 qni
696 1471 801 1524 motus
815 1470 924 1524 auctus
939 1458 990 1523 vel
1004 1458 1186 1537 diminutis,
1209 1471 1353 1546 ternpore

53 1568 173 1653 pariter
194 1581 287 1632 aucto
301 1567 351 1631 vel
365 1567 530 1645 diminuto,
554 1567 699 1655 generari
719 1566 769 1631 vel
791 1566 860 1630 tolli
882 1566 990 1650 possit,
1016 1587 1081 1629 non
1102 1565 1274 1631 mutabitur
1281 1590 1291 1644 3
1316 1587 1354 1631 aa

54 1678 188 1762 proinde
211 1678 382 1742 etiamnum
403 1677 533 1763 aeqttalis
548 1688 596 1741 est
614 1677 798 1741 resistentioe
819 1675 964 1764 cylindri,
988 1696 1062 1738 nam
1084 1685 1116 1738 et
1136 1675 1206 1739 haec
1227 1697 1354 1762 quoque

54 1785 219 1849 immutata
232 1799 339 1848 manet
352 1807 410 1869 per
424 1784 557 1849 Lemma
573 1785 632 1849 IV.

101 1891 140 1979 (l)
158 1894 192 1961 Si
206 1893 345 1959 densitas
360 1893 492 1979 cylindri
513 1907 665 1982 augeatur
679 1893 729 1958 vel
743 1893 913 1971 minuatur,
935 1902 1039 1956 motus
1054 1892 1120 1976 ejus
1134 1901 1171 1954 ut
1184 1902 1217 1954 et
1229 1891 1276 1953 vis
1292 1888 1354 1977 qui

55 2015 160 2067 motus
183 2001 295 2065 eodem
317 2014 459 2086 tempore
473 2002 618 2089 generari
633 2001 682 2066 vel
697 2000 765 2065 tolli
779 2011 892 2085 potest,
916 1999 950 2062 in
965 1997 1076 2064 eidem
1089 1998 1210 2062 ratione
1225 1997 1354 2084 augebi-

55 2122 108 2176 tur
118 2111 168 2176 vel
183 2112 351 2199 minuetur.
387 2112 577 2177 Resistentia
591 2113 696 2199 itaque
712 2112 845 2199 cylindri
860 2112 1073 2197 cujuscunque
1087 2111 1148 2174 erit
1161 2108 1203 2174 ad
1216 2111 1279 2172 vim
1291 2108 1353 2195 qui

57 2232 142 2285 totus
157 2223 222 2306 ejus
237 2233 352 2298 motus,
374 2221 569 2284 intereadum
592 2220 805 2307 quadruplum
825 2218 1029 2307 longitudinis
1044 2241 1110 2282 suae
1124 2216 1282 2294 describit,
1305 2215 1355 2280 vel

57 2329 203 2415 generari
217 2330 317 2413 possit
331 2329 380 2394 vel
402 2329 480 2409 tolli,
508 2343 543 2395 ut
564 2331 701 2396 densitas
722 2329 818 2394 medii
833 2328 874 2393 ad
889 2329 1075 2394 densitatem
1089 2327 1224 2415 cylindri
1244 2348 1354 2412 quam-

56 2434 211 2519 proxime.
258 2435 300 2511 Q.
317 2459 344 2500 e.
361 2436 392 2501 d.

103 2542 251 2606 Fluidurn
274 2556 378 2607 autern
400 2545 565 2629 comprimi
586 2545 680 2609 debet
693 2558 729 2611 ut
743 2546 784 2611 sit
798 2535 992 2622 continuum,
1020 2542 1053 2627 (¹)
1074 2543 1258 2607 continuum
1279 2537 1355 2604 verb

55 2673 124 2716 esse
139 2650 233 2715 debet
247 2663 279 2715 et
293 2673 357 2715 non
373 2651 543 2733 elasticum,
569 2667 603 2719 ut
623 2655 744 2739 pressio
759 2656 871 2733 omnis,
896 2677 967 2740 quae
982 2652 1022 2718 ab
1038 2654 1104 2738 ejus
1119 2651 1353 2738 compressione

55 2760 165 2839 oritur,
187 2775 380 2850 propagetur
394 2765 427 2826 in
443 2765 580 2844 instanti,
604 2767 683 2830 etin
698 2788 806 2829 omnes
823 2764 899 2829 moti
914 2764 1055 2848 corporis
1071 2775 1177 2847 partes
1192 2759 1355 2846 sequaliter

55 2872 181 2960 agendo
205 2873 499 2968 resistentiam'non
521 2887 628 2939 mutet.
676 2876 801 2940 Pressio
824 2874 942 2960 utique,
969 2895 1041 2959 quae
1061 2895 1080 2936 a
1101 2883 1190 2935 motu
1212 2871 1353 2955 corporis

55 2983 166 3060 oritur,
190 2982 382 3067 impenditur
402 2985 436 3049 in
459 2998 579 3048 motum
602 2985 738 3069 partium
758 2984 848 3047 fluidi
871 2981 1086 3070 generandum
1101 2993 1134 3045 et
1147 2979 1354 3044 resistentiam

55 3105 151 3158 creat.
198 3093 327 3163 Pressio.
343 3109 448 3160 autem
472 3118 542 3182 qnae
564 3097 664 3160 oritur
679 3119 699 3160 a
713 3095 944 3180 compressione
964 3093 1064 3170 fluidi,
1091 3104 1250 3179 utcunque
1265 3091 1354 3156 sortis

56 3200 105 3279 ait,
133 3201 160 3266 si
182 3217 374 3290 propagetur
394 3205 428 3267 in
448 3205 583 3282 instanti,
610 3205 731 3269 nullum
754 3215 884 3292 generem
904 3216 1025 3267 motum
1045 3203 1079 3265 in
1101 3203 1242 3287 partibus
1262 3202 1353 3266 fluidi

55 3315 206 3394 continui,
223 3316 341 3380 nullam
356 3317 485 3380 omnino
500 3316 620 3381 inducit
635 3334 738 3381 motus
753 3315 975 3390 mutationem3
992 3312 1126 3398 ideisque
1142 3312 1353 3377 resistentiam

90 3485 122 3552 (l)
146 3489 161 3518 ⁹
189 3489 303 3538 Generosi
321 3497 396 3550 potest
417 3487 598 3551 promptos-imi.
635 3489 692 3543 Quo
722 3487 790 3540 basis,
806 3484 1113 3540 altitudinisetvelocitntis,
1131 3482 1278 3532 intereadum
1293 3498 1353 3546 qua.

56 3552 120 3601 enim
142 3558 247 3612 tempore
268 3551 388 3614 cylindrus
406 3568 461 3599 cum
481 3552 592 3613 predicti
607 3552 692 3599 veloci·
723 3551 835 3611 druplum
846 3548 1001 3613 longitudinis
1011 3564 1060 3595 suas
1071 3548 1186 3604 describit,
1198 3547 1304 3611 geuueri
1315 3547 1354 3595 vel

58 3625 105 3665 tare
121 3615 268 3663 uniformiter
279 3616 458 3680 progrediendo,
470 3617 579 3665 describit
590 3618 692 3677 spatium
723 3615 775 3664 tolli
785 3615 864 3675 possit,
875 3624 899 3662 et
910 3613 1002 3660 vishoec
1010 3613 1040 3660 sit
1050 3612 1080 3660 ad
1088 3613 1136 3660 vim
1146 3610 1194 3674 qni
1201 3620 1265 3658 totus
1272 3610 1355 3673 prioris

58 3680 146 3734 ale,
163 3679 256 3740 proprio
272 3681 374 3740 pondere
385 3681 490 3729 cadendo
502 3681 640 3729 describeret
656 3681 689 3728 al-
723 3678 821 3742 cylindri
837 3689 916 3726 motus
934 3677 1017 3725 eodem
1035 3687 1140 3739 tempore
1158 3675 1264 3738 generari
1281 3674 1354 3736 possit

58 3743 183 3793 titudinem
202 3745 214 3791 l
229 3745 261 3801 G,
280 3755 304 3792 et
320 3744 465 3792 velocitatem
481 3746 546 3792 illam
563 3745 692 3807 acquireret
723 3744 760 3790 vel
776 3743 835 3801 tolli,
854 3753 880 3791 ut
896 3742 996 3790 densitas
1007 3757 1075 3805 squar
1085 3741 1115 3788 ad
1125 3740 1263 3787 densitatem
1279 3739 1355 3800 cylin-

60 3811 111 3873 (30.
130 3807 185 3856 Lib.
201 3807 245 3864 1.).
283 3807 347 3856 Cbrn
363 3809 436 3871 igitur
455 3810 584 3857 resistentia
599 3810 694 3872 aqualia
725 3807 769 3864 dri,
787 3822 931 3870 consequens
945 3817 978 3854 est
989 3816 1017 3854 ut
1026 3805 1155 3853 resistemia
1165 3802 1263 3866 cylindri
1274 3803 1354 3865 cujus-

58 3874 88 3921 sit
98 3871 197 3933 ponderi
208 3872 316 3933 cylindri,
328 3883 393 3933 patet
404 3874 555 3935 propositum.
725 3887 827 3934 euntque
837 3872 868 3918 ait
878 3871 908 3918 ad
919 3871 965 3917 sini
976 3870 1024 3934 qui
1031 3879 1094 3918 totus
1100 3869 1152 3933 ejus
1159 3877 1245 3924 motus,
1254 3867 1354 3916 interea·
1380 3889 1384 3897 ·

90 3936 125 4001 (Ι)
138 3940 151 3967 ⁸
165 3939 206 3984 Au
221 3939 472 3986 edituraelmisnsetur.
510 3937 634 3994 Quantitas
641 3953 691 3985 mo·
725 3935 783 3984 dum
794 3935 952 3998 quadruplum
963 3933 1118 3998 longitudinis
1128 3949 1177 3980 sua
1187 3931 1301 3985 describit,
1311 3946 1353 3994 ge-

57 3999 97 4048 tds
107 4001 131 4047 in
143 3955 249 4062 cylindro
260 4002 329 4064 cujus
339 4002 409 4058 basis,
426 4001 528 4049 densitas
543 4012 567 4049 et
582 4002 693 4050 velocitas
723 4000 800 4048 nerari
811 4000 846 4047 sel
858 3999 908 4047 tolli
919 4009 1001 4060 potest,
1019 4009 1047 4046 ut
1063 3997 1163 4045 densitas
1176 4010 1244 4058 aque
1254 3994 1285 4042 sd
1296 3994 1353 4042 den-

57 4063 118 4112 data
128 4074 190 4122 sunt,
207 4074 307 4128 sugant
323 4066 360 4112 vel
377 4066 494 4113 minuitur
504 4067 529 4113 in
540 4066 629 4114 ratione
640 4065 692 4113 lon-
723 4065 814 4112 citatem
825 4063 923 4125 cylindri
934 4061 1117 4125 quamproxime

57 4127 173 4190 gitudinia
188 4129 288 4190 cylindri
299 4145 340 4176 seu
353 4130 488 4187 voluminis,
506 4141 529 4178 et
540 4141 633 4191 tempus
643 4145 692 4192 quo
756 4128 787 4193 (¹)
798 4132 812 4155 ·
827 4132 969 4178 amineam
985 4127 1036 4176 υπὸ
1051 4143 1097 4175 esse
1113 4127 1175 4174 debet
1185 4133 1207 4172 et
1217 4142 1266 4174 nost
1278 4126 1354 4173 cloati-

58 4191 179 4254 cylindnra
189 4191 245 4240 aaa
255 4192 297 4240 int
307 4194 428 4242 velocitate
440 4195 586 4242 uniformiter
596 4209 690 4270 progre-
722 4211 785 4242 eam.
822 4192 886 4241 Nam
904 4192 923 4238 si
942 4191 1041 4238 fluidum
1061 4201 1120 4238 uses
1135 4189 1264 4245 eludentis,
1282 4188 1355 4249 ipsius

56 4255 144 4304 diendo
160 4257 320 4320 quadruplum
337 4257 493 4335 longitudinis
509 4275 558 4306 ane
574 4257 689 4316 describit,
721 4267 799 4318 parter
819 4273 861 4318 per
882 4256 1077 4317 compressionem
1098 4252 1301 4305 condensarentur,
1329 4260 1355 4301 et

56 4331 157 4384 augetur
181 4320 218 4368 rel
241 4323 358 4370 minuitur
380 4338 405 4369 in
428 4323 509 4370 eidem
536 4322 691 4384 longitudinis
722 4321 807 4369 deinde
823 4320 962 4375 recederent,
979 4329 1049 4381 atque
1059 4317 1091 4365 ist
1102 4317 1188 4378 pressio
1203 4332 1245 4377 per
1260 4327 1353 4364 motum

56 4395 132 4432 aaa:
142 4383 179 4431 rel
189 4384 313 4434 diminute
324 4387 414 4434 udone
426 4391 461 4450 (5.
474 4387 526 4435 Lib.
543 4388 579 4449 1.)
591 4385 691 4450 idebque
722 4386 900 4449 progressuum,
914 4385 955 4446 qui
965 4383 1125 4431 instantaneus
1140 4397 1190 4428 esse
1206 4396 1253 4427 non
1269 4389 1352 4442 potam,

57 4451 128 4513 (irs)
140 4450 175 4495 vis
185 4451 225 4497 iilo
236 4448 283 4512 qud
292 4459 369 4499 motas
379 4461 469 4505 nactus,
486 4453 529 4498 dc.
722 4459 895 4512 propagaretur.
932 4449 967 4494 At
982 4447 1002 4494 si
1018 4446 1118 4494 liuidum
1134 4445 1272 4492 continuum
1284 4445 1314 4492 sit
1328 4454 1353 4492 et

89 4513 126 4576 (²)
139 4517 153 4544 ⁸
166 4518 192 4562 Si
202 4517 301 4562 metas
312 4519 414 4577 cylindri
430 4515 519 4562 caeteris
536 4514 690 4573 manentibus,
723 4514 814 4562 densari
826 4512 996 4574 compressione
1011 4519 1118 4572 nequeat,
1136 4509 1223 4570 pressio
1239 4524 1353 4572 propaga-

55 4579 217 4639 augeaturne}
231 4582 363 4635 minuatur,
382 4589 458 4627 motus
468 4579 551 4640 ejurat
567 4578 691 4643 essequa
722 4580 787 4627 bitur
808 4578 832 4625 in
855 4576 957 4624 instanti.
993 4574 1167 4635 Experimentis
1188 4571 1243 4621 verd
1263 4581 1354 4621 conant

53 4646 456 4755 &siffis-immam?
466 4646 692 4756 vergineegyn
723 4642 858 4754 cittii
870 4637 1353 4752 ‘iiiii‘⁰'‘lm⁰⁰iii³ii‘⁸3m'³¹ml0⁰ii

56 4768 119 4817 Cdrn
147 4725 220 4833 igtur
243 4725 341 4831 cylliidn
354 4724 542 4834 udnjlsescdbbzbbe
553 4708 690 4820 lilesidtentib
721 4770 810 4833 redigi;
822 4739 901 4817 cds’ne
912 4714 1039 4815 ⁰⁰an
1049 4768 1157 4816 tustinus
1164 4718 1352 4819 condebudouis

53 4834 149 4897 aqualis
159 4836 190 4883 sit
200 4834 222 4882 si
233 4834 281 4898 qui
292 4846 370 4883 motus
381 4836 481 4896 cylindri
498 4851 566 4899 aqua
583 4835 689 4900 ejusdem
722 4844 745 4884 et
755 4833 913 4883 melectioois
924 4833 954 4880 sit
964 4847 1043 4895 caper.
