3202 5446
150 447 279 516 Lrnnn
298 452 463 533 Paratus]
510 453 751 519 PRINCIPIA
775 452 1146 518 MATHEMATICA.
1416 461 1450 517 61

160 630 320 694 constabit
332 653 376 695 ex
390 630 636 709 indivisibilibus,
648 642 757 694 contra
768 652 861 716 quam
870 628 1016 695 Euclides
1032 628 1072 692 de
1086 629 1456 706 incommensurabilibus‚

161 735 188 800 iu
212 737 303 801 libro
322 736 445 802 decimo
460 739 692 816 elementorum,
715 736 943 801 demonstravit„
990 737 1108 800 Verum
1130 734 1199 798 haec
1221 736 1352 821 objectio
1374 737 1458 801 falsie

166 846 306 908 mrititm·
330 844 506 930 hypothesi.
552 846 681 912 [lltimae
704 846 837 909 rationes
858 845 920 907 illae
935 844 1118 930 quibuscum
1132 844 1316 930 quantitates
1331 869 1457 910 evanes-
1519 871 1521 875 ¹

164 965 243 1030 cant,
272 973 470 1016 revera-non
496 964 571 1016 sunt
593 953 726 1017 rationes
750 953 954 1038 quantitatum
977 953 1030 1035 (¹)
1053 952 1241 1031 ultimarum,
1267 954 1321 1016 sed
1344 954 1456 1018 limites

162 1059 196 1124 ad
219 1081 305 1146 quos
329 1060 535 1145 quantitatum
550 1059 615 1124 sinc
637 1061 733 1124 limite
748 1060 989 1124 decrescentium
1004 1060 1138 1123 rationes
1152 1083 1274 1144 semper
1288 1062 1456 1146 appropin-

163 1177 271 1253 quant;
296 1178 329 1230 et
353 1189 429 1253 quas
454 1166 581 1252 propius
605 1169 724 1254 assequi
738 1179 869 1253 possunt
883 1165 976 1252 quiam
990 1189 1049 1250 pro
1064 1166 1136 1230 datia
1152 1166 1257 1254 quivis
1272 1166 1456 1245 differentiis,

162 1268 322 1361 nunquam
347 1273 423 1337 verb
446 1274 628 1362 transgredi,
652 1297 752 1361 neque
772 1271 859 1359 pride
881 1275 1034 1361 attingere
1057 1272 1151 1360 qutim
1166 1275 1350 1360 quantitates
1365 1275 1456 1338 dimi-

163 1361 302 1445 nanim
327 1381 361 1443 n
386 1380 553 1445 nantum.
600 1382 664 1445 aes
688 1378 798 1445 clarius
821 1381 1011 1468 naugerus
1033 1381 1066 1443 a
1094 1380 1215 1445 annia
1243 1383 1374 1468 magna.
1421 1382 1454 1446 si

163 1487 348 1574 quantitates
370 1487 453 1565 duae,
476 1510 608 1574 quarum
633 1488 705 1552 data
720 1503 765 1552 est
786 1488 968 1565 differentia,
985 1499 1156 1575 augeantur
1170 1488 1203 1551 in
1217 1489 1382 1566 infinitum,
1401 1490 1456 1554 da-

162 1595 245 1660 bitur
269 1595 385 1659 hamm
409 1576 519 1659 ultima
538 1596 626 1674 ratio,
649 1595 797 1658 niminun
811 1597 890 1658 ratio
905 1595 1097 1680 aequalitatis,
1122 1615 1179 1659 nec
1194 1616 1298 1660 tamen
1313 1593 1385 1658 ideo
1400 1595 1455 1658 da·

162 1702 280 1767 buntur
290 1702 478 1789 quantitates
489 1703 608 1767 ultimae
617 1726 672 1767 seu
680 1704 826 1766 maximae
837 1724 969 1788 quarum
980 1702 1039 1764 ista
1050 1715 1098 1766 est
1107 1702 1199 1765 ratio.
1243 1703 1282 1767 In
1297 1702 1453 1787 sequenti·

164 1811 224 1874 bus
242 1811 350 1896 igitur,
374 1810 542 1896 siquando
556 1810 637 1873 facili
653 1833 756 1875 rerum
773 1810 937 1893 conceptui
952 1808 1125 1887 consulens,
1142 1809 1252 1872 dixero
1267 1808 1453 1894 quantitates

163 1914 260 2003 quaim
282 1916 434 1995 minimas,
458 1918 507 1981 vel
529 1931 754 1995 evanescentes,
777 1917 827 1981 vel
842 1917 978 1994 ultimas3
1003 1938 1077 1980 cave
1092 1917 1245 2004 intelligas
1267 1916 1453 2002 quantitates

161 2023 379 2111 magnitudine
407 2024 637 2103 determinatas,
654 2025 725 2089 sed
749 2025 852 2112 cogita
873 2046 996 2109 semper
1018 2023 1234 2088 diminuendas
1257 2024 1324 2086 sine
1343 2021 1452 2085 limite.

166 3423 194 3470 ἰι
204 3420 296 3482 panc&
307 3420 337 3475 C,
354 3426 380 3465 et
390 3431 411 3469 c,
424 3413 484 3462 adeo
495 3423 523 3461 ut
533 3413 592 3461 dum
602 3425 717 3474 punctum
727 3431 746 3470 c,
756 3431 795 3462 co-
827 3418 848 3469 b,
862 3414 906 3461 erit
916 3414 966 3474 ipsa
977 3414 1052 3462 fluens
1066 3417 1088 3461 A
1100 3416 1123 3471 b,
1145 3427 1238 3459 sumina
1255 3414 1362 3461 omilium
1381 3414 1455 3463 incre.

167 3485 315 3534 reddituum
327 3491 420 3544 puncto
431 3481 459 3533 C,
472 3477 683 3526 omnisrelocitatis
691 3481 794 3541 perEc,
826 3489 961 3526 mentorum
980 3480 1034 3532 Ec,
1051 3479 1123 3531 abA,
1141 3477 1260 3538 usquead
1278 3492 1300 3532 c,
1320 3480 1364 3526 erit
1381 3478 1457 3527 fluens

167 3551 263 3599 vehtin
272 3549 371 3610 expiret.
404 3545 485 3598 Quare
507 3543 587 3608 (Lem
603 3543 640 3603 Ι.)
664 3544 796 3591 velocitates
826 3545 843 3591 b
854 3558 975 3600 asumma
983 3541 1117 3588 omniumC
1129 3557 1149 3597 c,
1159 3541 1203 3586 erit
1209 3557 1275 3588 arcus
1283 3541 1359 3590 fluens
1369 3545 1391 3590 A
1404 3560 1423 3601 c,
1434 3556 1457 3592 et

167 3616 254 3679 φῶιι
272 3611 403 3659 licentium
424 3609 568 3654 incrementa
589 3607 672 3654 eodem
693 3619 796 3669 ternpore
828 3623 920 3654 summa
931 3606 1038 3653 omnium
1048 3605 1317 3668 parallelogrammorum
1332 3609 1353 3655 B
1366 3609 1396 3659 E,
1413 3610 1457 3656 erit

169 3671 683 3744 ganapriranascuntumuntuniformes.
705 3672 795 3727 Qed
828 3689 881 3719 area
899 3673 922 3718 A
942 3687 955 3717 c
975 3674 991 3717 b
1009 3669 1084 3716 fluens
1104 3673 1169 3735 (106,
1192 3672 1265 3731 107);
1291 3671 1347 3735 ergd
1365 3689 1456 3720 summa

202 3749 255 3792 146.
270 3743 335 3790 Cum
344 3737 402 3802 ergo
412 3737 544 3784 velocitates
554 3737 682 3783 uniformes
692 3737 797 3797 aintspa-
828 3737 960 3783 fluxionem
971 3746 1006 3781 est
1016 3745 1044 3782 ut
1054 3735 1104 3795 ipn
1113 3735 1230 3797 quantitas
1238 3735 1320 3783 fluens

171 3807 301 3855 cibandam
316 3814 425 3864 tempore
443 3801 605 3862 percurrendis
615 3802 798 3861 proportionales
865 3806 915 3847 148.
938 3800 1058 3854 Quoniam
1069 3800 1094 3847 in
1110 3798 1186 3861 ligurd
1202 3801 1315 3860 superiori
1331 3800 1403 3847 flutio
1413 3802 1457 3848 ali.

172 3873 217 3935 (5),
227 3870 380 3918 malianum
396 3876 432 3914 est
446 3865 561 3913 fluxiones
578 3866 647 3930 (143)
665 3881 714 3912 esse
725 3867 751 3912 in
761 3881 798 3912 ra·
830 3881 883 3927 qua,
902 3864 938 3911 vel
956 3865 1061 3911 abscisse
1074 3866 1097 3911 A
1112 3865 1141 3918 Β,
1159 3863 1196 3910 vel
1213 3865 1326 3912 ordinate
1339 3866 1359 3912 C
1373 3866 1404 3920 B,
1415 3877 1457 3915 aut

172 3936 443 3983 dominerementorum
453 3929 646 3990 eoderntempore
654 3930 797 3991 genitorum,
830 3929 897 3976 arcils
921 3930 942 3975 A
963 3929 990 3982 C,
1008 3929 1038 3974 ad
1065 3929 1185 3982 arbitrium
1207 3938 1319 3991 tanquam
1334 3930 1458 3979 uniformis

173 4000 228 4047 dun
243 3997 321 4060 ρηωὸ
337 4004 466 4043 nascuntur
476 3993 513 4040 vel
534 3991 619 4041 ultimo
630 3997 797 4052 'ermescun23
830 3993 927 4054 spectari
939 3993 1016 4053 possit,
1028 3993 1079 4056 (Ea
1088 3993 1156 4039 dictis
1166 3993 1231 4052 145.)
1241 4004 1304 4053 patet
1312 4010 1340 4040 er
1351 3995 1458 4055 pluribus

175 4063 276 4127 adaeque
287 4060 459 4110 utfluxionum
470 4057 551 4104 relatio
561 4058 700 4113 inveniatur,
718 4074 797 4105 aume-
830 4056 972 4105 fluxionibus
993 4073 1065 4104 unam
1089 4067 1201 4120 tanquam
1220 4068 1364 4105 constantem
1391 4076 1457 4120 possa

176 4144 199 4176 re
208 4138 298 4190 apuam
308 4127 454 4173 incrementa
464 4122 589 4169 fluentium
601 4122 683 4169 eodem
692 4134 798 4183 tempore
829 4121 970 4169 considerari
982 4131 1005 4168 et
1015 4123 1144 4184 quantitate
1160 4121 1225 4169 finiti
1238 4124 1353 4169 constanti
1364 4127 1456 4185 exponi,

177 4195 289 4259 gama
296 4191 397 4251 primam
405 4203 487 4234 eorum
496 4187 692 4233 incrementorum
701 4202 798 4234 nascen-
830 4186 887 4233 dum
898 4186 951 4233 aliae
961 4185 1076 4233 fluxiones
1084 4186 1147 4231 varii
1157 4187 1248 4232 ratione
1256 4188 1342 4232 mutari
1350 4198 1374 4233 et
1383 4204 1458 4250 quan-

176 4258 238 4314 tiam,
245 4257 282 4304 vel
289 4255 397 4302 ultim
405 4250 591 4300 ermescentium
600 4251 714 4298 rationem
724 4251 799 4299 cond-
829 4252 933 4298 titatibus
942 4251 1089 4298 sanabilibus
1100 4250 1184 4310 exponi
1195 4259 1298 4308 possunt.

177 4321 251 4370 hm
382 4316 518 4364 relationem
533 4314 670 4362 fluxionem.
867 4321 919 4363 149.
941 4316 1021 4369 Quare
1043 4331 1098 4362 cum
1116 4314 1256 4376 quantitates
1272 4314 1392 4362 variabiles
1407 4333 1460 4365 suas

209 4393 259 4433 147.
275 4384 341 4432 Hinc
349 4396 441 4428 namma
448 4380 579 4426 fluxionum
589 4388 623 4426 est
633 4387 661 4426 ut
666 4395 759 4427 summa
764 4380 801 4426 in·
833 4381 932 4427 habeant
942 4378 1056 4426 fluxiones
1066 4395 1120 4441 quaa
1130 4377 1210 4425 rursus
1220 4388 1317 4437 possunt
1328 4395 1376 4427 esse
1387 4383 1460 4428 varia-

179 4459 341 4498 mentnrum
349 4444 533 4492 nascentiumvel
540 4445 732 4501 evanescentium,
737 4459 801 4490 sum-
834 4444 896 4498 biles,
908 4443 982 4506 liquet
992 4444 1041 4491 dari
1052 4443 1166 4491 fluxiones
1176 4443 1314 4497 fluxionuin,
1328 4460 1368 4492 seu
1377 4448 1459 4498 varios,

180 4511 277 4561 sacrari
286 4513 482 4558 mannentomm
493 4509 598 4555 onmium
609 4508 754 4556 nascentium
766 4516 800 4555 est
831 4503 879 4555 imd
899 4507 1002 4556 infinitos
1020 4508 1153 4556 {lunianum
1174 4506 1274 4555 ordines.
1323 4508 1459 4557 Fluentium

180 4578 224 4639 ὶμ
232 4577 349 4640 quantitas
359 4573 446 4630 fluum
458 4587 514 4619 nam
525 4573 544 4619 si
555 4581 603 4619 tota
613 4589 667 4619 area
679 4573 701 4618 A
714 4589 727 4620 c
737 4574 753 4618 b
764 4573 800 4619 di-
831 4572 949 4619 finitamm
969 4573 1083 4620 fluxiones
1100 4572 1210 4618 dicuntur
1229 4570 1344 4620 fluxiones
1363 4575 1458 4634 primoe3

181 4641 373 4702 r'ninadligatur
383 4637 407 4684 in
418 4636 634 4699 parallelogramma
644 4645 672 4682 ut
684 4637 705 4683 B
719 4637 749 4692 E,
761 4652 800 4683 eo-
831 4638 914 4683 barum
926 4636 1041 4684 fluxiones
1051 4636 1132 4696 primae
1148 4635 1259 4683 dicuntur
1269 4636 1393 4684 fluentium
1405 4637 1459 4684 fini-

182 4721 275 4769 mque
295 4717 410 4751 numana
436 4711 551 4763 augeatur
577 4710 601 4746 ct
629 4699 728 4747 latitudo
751 4701 800 4748 Bb
832 4699 1218 4755 tsrumtluxionessecundoe,etitrl
1225 4700 1456 4761 porrdininfinituna

180 4785 295 4818 mnan
321 4768 347 4814 in
374 4765 500 4819 infinitum,
527 4779 620 4811 summa
640 4756 747 4811 omniurn
768 4766 806 4810 in·
872 4771 923 4811 150.
945 4765 1024 4811 Ducti
1035 4765 1096 4810 recti
1109 4764 1132 4809 V
1143 4765 1165 4810 Τ
1178 4764 1214 4819 H,
1230 4781 1282 4827 qua
1299 4781 1392 4812 curvam
1409 4778 1460 4812 tan·

106 4839 109 4897 3
181 4847 347 4882 nmatoeam
363 4830 510 4878 mnndum
527 4830 582 4883 Bb,
602 4831 631 4875 ab
647 4829 665 4875 A
687 4828 805 4891 usquead
837 4841 876 4891 gat
888 4829 912 4874 in
925 4830 953 4886 C,
973 4830 1073 4891 ipsisque
1090 4830 1164 4875 hcet
1178 4829 1198 4874 B
1213 4831 1233 4874 A
1247 4829 1364 4888 productis
1379 4844 1460 4876 occur-
