3202 5446
233 464 298 522 868
547 453 888 522 PHILOSOPHIAE
911 453 1184 520 NATURALIS
1248 452 1359 534 [Mor.
1375 453 1534 523 Com!-

234 629 298 693 sive
313 627 446 714 simplex
460 626 594 713 aphaeroe
610 629 701 693 unius
715 629 748 691 in
762 627 902 706 alteram,
915 628 979 693 sive
991 641 1098 692 mutua
1108 628 1267 716 utriusque
1281 627 1315 692 in
1330 651 1364 693 se
1378 628 1529 710 invioem,

230 741 290 805 erit
305 752 340 804 ut
354 738 502 804 distantia
516 749 696 803 oentrorum
710 760 732 822 p
749 738 781 803 S.
828 738 871 814 Q.
887 761 914 802 e.
930 737 962 803 d.

349 1030 635 1099 PROPOSITIO
658 1030 857 1098 LXXVIII.
903 1027 1175 1095 THEOREMA
1198 1028 1405 1095 XXXVIII.

230 1214 266 1278 si
278 1214 403 1296 spdaerae
417 1216 450 1277 in
461 1234 618 1300 progressu
632 1237 653 1277 a
667 1223 766 1278 centra
780 1216 823 1277 ad
836 1213 1098 1298 circtanferentiam
1112 1213 1171 1276 sint
1182 1220 1324 1295 cdncnqae
1331 1213 1528 1280 rieimtaa

275 1335 302 1388 ct
318 1325 519 1410 inaequaliter,
534 1327 567 1389 in
577 1346 735 1409 progressu
748 1345 884 1407 acroper
897 1324 1049 1386 circatitmn
1064 1321 1107 1384 ad
1127 1322 1228 1384 datam
1250 1342 1361 1384 annm
1382 1344 1403 1384 a
1425 1332 1527 1387 anno

274 1432 448 1495 distantiam
461 1433 523 1496 sint
536 1432 668 1516 undique
681 1432 850 1502 similarcs,·
873 1439 902 1494 et
919 1433 964 1493 vis
982 1428 1144 1491 attractiva
1161 1428 1268 1509 puncti
1287 1427 1425 1512 ajusmre
1442 1429 1485 1491 sit
1493 1443 1527 1497 ut

274 1539 420 1601 distantia
435 1540 566 1621 emporis
579 1539 723 1601 attracti.-
746 1537 812 1600 dica
825 1539 904 1621 quod
916 1538 961 1600 ais
973 1545 1036 1598 tota
1052 1532 1111 1618 qud
1132 1531 1294 1616 transmeat
1311 1535 1441 1616 splraerae
1462 1537 1529 1599 dm

273 1665 304 1708 sc
318 1654 415 1709 mutua
430 1646 553 1710 tradant
567 1647 607 1710 sit
614 1647 853 1730 proportionalis
867 1645 1020 1707 distantiae
1034 1645 1114 1706 inter
1126 1651 1227 1705 cetitra
1241 1643 1438 1748 splaeracam,

273 1838 518 1905 Demonstratur
532 1862 573 1904 ex
589 1839 807 1926 Propositione
821 1838 1018 1924 praecedente
1033 1836 1258 1916 eodemmodo,
1271 1861 1335 1925 quo
1346 1836 1529 1926 Propositto

234 1948 397 2015 LXXVI.
413 1972 454 2015 ex
470 1950 691 2035 Propositione
707 1948 849 2013 LXXV.
866 1948 1076 2012 demonstrata
1091 1947 1158 2012 fuit.
1182 1947 1222 2032 (l)

276 2058 375 2121 Corol.
399 2056 482 2133 Quae
497 2058 640 2142 superius
655 2058 688 2120 in
705 2057 976 2142 PropositIonibus
992 2056 1036 2121 X.
1060 2070 1091 2119 et
1107 2055 1232 2120 LXIV.
1255 2056 1295 2120 de
1309 2073 1400 2120 motu
1415 2079 1531 2144 corpo-

232 2187 302 2231 rum
318 2167 401 2231 circa
415 2181 521 2231 centra
536 2168 714 2232 conicarum
737 2167 909 2232 sectionum
933 2167 1144 2231 demonstrata
1167 2179 1249 2244 sunt,
1274 2167 1379 2232 valent
1402 2168 1460 2233 ubi
1484 2182 1531 2232 at·

232 2275 400 2340 tractiones
416 2297 525 2338 omnes
539 2274 620 2340 fiunt
635 2276 665 2338 vi
680 2297 848 2359 corporum
863 2274 1088 2360 sphaericorum
1103 2274 1291 2341 conditionis
1305 2276 1374 2362 jam
1388 2275 1532 2363 descrip-

231 2395 284 2463 tae,
300 2398 332 2449 et
345 2396 477 2449 attracta
491 2406 625 2470 corpora
638 2398 712 2450 sunt
727 2383 858 2472 sphaeroe
874 2385 1060 2449 conditionis
1076 2383 1223 2472 ejusdem.

796 2661 951 2726 Sotiatium.

276 2851 509 2919 Attractinnum
523 2874 613 2918 casus
628 2853 708 2917 duos
723 2852 907 2941 insigniores
925 2853 991 2938 jam
1007 2852 1080 2916 dedi
1102 2852 1278 2937 expositos3
1300 2853 1450 2919 nimirum
1473 2859 1530 2922 nbt

235 2960 314 3025 vires
330 2962 509 3046 centripetae
525 2960 707 3025 decrescunt
721 2961 754 3023 in
770 2960 926 3045 duplicati
942 2960 1157 3024 distantiarum
1172 2960 1300 3038 ratione,
1316 2961 1365 3024 vel
1380 2983 1530 3029 crescunt

230 3093 262 3134 tn
278 3070 494 3137 distantiarum
509 3073 629 3137 ratione
653 3072 806 3157 simplici3
829 3070 996 3135 efficientes
1020 3071 1052 3134 in
1079 3083 1210 3156 utroque
1236 3092 1308 3133 casu
1332 3084 1367 3135 ut
1389 3094 1530 3159 corpora

229 3195 380 3268 gyrentur
395 3184 426 3246 ln
448 3183 563 3248 conicis
586 3183 784 3259 sectionibus,
810 3195 842 3246 et
865 3194 1086 3266 componentes
1109 3203 1275 3266 corporum
1299 3180 1529 3266 sphaerIcorum

231 3288 312 3352 vites
328 3289 514 3374 centripetas
530 3289 640 3354 eadem
655 3290 734 3377 lege,
760 3291 793 3352 in
817 3311 940 3353 recessu
956 3312 975 3351 a
989 3301 1107 3365 centro,
1132 3288 1344 3352 decrescentes
1367 3290 1418 3354 vel
1443 3314 1528 3358 cres·

229 3409 335 3460 centes
351 3418 423 3460 cum
437 3397 564 3482 seipsis:
593 3397 689 3474 Quod
710 3410 756 3461 est
778 3409 886 3461 notatu
901 3397 1041 3484 dignum.
1087 3396 1186 3460 Casus
1209 3408 1348 3474 caeteros,
1369 3398 1425 3484 qui
1450 3423 1528 3465 con·

229 3503 383 3568 clusiones
398 3504 500 3567 minus
526 3505 682 3592 elegantes
708 3504 868 3583 exhibent,
895 3505 1052 3594 sigillatim
1076 3527 1258 3589 percurrere
1280 3506 1409 3594 longum
1434 3524 1527 3576 esset.

231 3610 347 3676 Malim
363 3626 493 3677 cunctos
507 3612 656 3678 methodo
670 3614 809 3702 generali
824 3615 916 3678 sirnul
932 3613 1195 3699 comprehendere
1210 3637 1246 3680 ac
1265 3614 1477 3686 determinare
1491 3633 1529 3685 ut

229 3722 378 3808 sequitur.

265 3935 306 3999 (5)
325 3934 387 3990 Qut
397 3934 423 3981 ln
436 3934 569 3983 Corollm'is
581 3935 651 3998 Prop.
665 3941 704 3987 76.
721 3938 762 3986 ubi
777 3948 860 3986 attrac-
892 3937 960 3986 trioes
970 3938 1115 4002 singularum
1131 3940 1156 3987 in
1173 3940 1278 4004 singulas
1295 3951 1365 3990 erunt
1380 3952 1409 3991 ut
1427 3947 1528 4008 saltn

231 3998 266 4046 tle
277 4000 374 4059 sphera
384 3998 464 4047 versus
474 4001 586 4060 spheram
597 4003 851 4076 eratqundratodistnn
892 4005 1009 4050 vehentes
1020 4014 1043 4050 at
1058 4004 1172 4051 dinsntire
1188 4008 1248 4053 Inter
1264 4016 1343 4054 oentn
1359 4009 1524 4072 omjtanm'w

231 4064 272 4110 tie
285 4073 419 4111 cannarum
436 4064 552 4125 ηείρωεὲ
567 4067 748 4126 proportionem
765 4067 862 4114 dernen-
894 4068 1040 4115 attractiones
1050 4067 1105 4115 vero
1115 4071 1223 4117 matriae·
1233 4079 1260 4118 ut
1275 4071 1370 4132 sphm
1380 4048 1525 4126 muham:

231 4137 303 4174 strata
326 4138 388 4185 mat,
411 4144 446 4185 a,
467 4129 563 4176 mutatis
584 4130 708 4186 mutandis
730 4129 761 4178 nd
783 4146 862 4179 mmm
894 4133 1189 4181 naamani-amun
1200 4136 1260 4182 Inter
1275 4146 1353 4183 mam
1368 4137 1526 4200 onam

231 4192 304 4253 hujus
318 4191 486 4252 Propositionis
497 4198 534 4241 78.
546 4195 664 4240 transferri
676 4205 780 4256 possunt.
816 4197 862 4244 Ni·
893 4197 1020 4259 eademque
1031 4196 1108 4244 valera
1125 4198 1165 4245 ubi
1183 4199 1287 4247 stunetio
1303 4200 1378 4247 oritatr
1394 4217 1409 4248 s
1425 4205 1526 4264 qun«.

230 4255 863 4381 tillt‘ltttffifflffiw:
893 4261 1122 4387 iffldffi
1138 4263 1256 4313 ’Μ’
1274 4263 1358 4313 ”⁸⁸¹⁶
1376 4269 1481 4318 Μ
1498 4271 1524 4318 ⁵¹⁸
