3202 5446
566 490 688 538 runnx
706 465 1038 540 enorosrrrorsnu.

188 681 294 729 sciccnli
307 680 344 728 vel
359 681 492 743 hyperbole
511 681 652 743 rectungnlo
670 695 721 727 ver·

733 642 773 682 sse

1351 463 1420 561 'sss

869 680 1087 729 enonxnnr.
1105 681 1234 730 rnoun.
1247 683 1337 731 xxx.
1387 647 1425 686 '¹‘

186 747 232 793 tice
251 746 393 793 ulterioreri
412 748 482 792 habet
500 743 530 792 ed
549 745 632 807 tigurre
650 745 718 791 serni·
811 766 969 815 Efficiengum
991 776 1026 815 ω
1045 776 1072 814 ug
1092 783 1176 828 corpu,
1196 768 1222 814 5„
1244 767 1373 831 tmjoetofia

187 810 327 857 diametmm
335 809 487 870 principalem
498 808 515 872 ᾗ
525 812 548 856 Λ
562 810 584 856 Β
586 841 718 857 .............
736 812 783 855 998

220 921 326 969 PROP.
340 921 470 969 XXXIV.
491 921 628 993 THEOR.
642 922 676 969 X.

157 1007 182 1054 Bi
200 1005 275 1068 figura
288 1007 309 1054 Β
323 1007 345 1053 E
359 1007 384 1054 D
401 1005 509 1066 parebols
524 1017 566 1065 est,
586 1007 639 1054 dico
657 1006 720 1070 quod

187 1070 289 1131 corporis
304 1070 407 1118 cedentis
424 1071 532 1118 velocitas
542 1072 567 1117 in
578 1071 630 1119 loco
640 1072 722 1134 quovis

190 1135 210 1181 C
222 1135 318 1196 requslis
328 1145 362 1181 est
374 1135 488 1182 velocitati
496 1136 542 1196 qui
548 1151 633 1196 corpus
640 1148 720 1182 centro

190 1198 212 1245 Β
229 1198 327 1245 ditrridio
346 1198 461 1245 intervalli
478 1201 514 1245 sui
533 1200 588 1247 BC
607 1200 721 1247 circulum

840 831 980 893 quicunque
999 833 1059 879 circa
1074 843 1181 879 oentmm
1197 832 1282 879 virium
1297 832 1372 880 revol-

842 906 910 942 vente
926 895 1021 956 perinde
1031 896 1117 943 moveri
1128 895 1199 956 possit
1209 906 1279 959 atque
1288 912 1373 959 corpus

840 958 906 1007 uliud
916 959 942 1005 in
952 957 1034 1007 eidem
1045 960 1174 1023 trajectorIi
1183 960 1315 1023 quiescente
1320 993 1371 1009 .....
1388 964 1435 1010 958

875 1065 981 1115 Pnor.
995 1067 1094 1115 XLIV.
1114 1067 1251 1116 THEOR.
1263 1068 1339 1117 XIV.

811 1151 951 1199 Differentie
967 1152 1051 1199 virium
1069 1153 1155 1215 quibus
1172 1168 1256 1215 eorpus
1273 1154 1299 1200 in
1317 1156 1373 1203 orbe

840 1216 974 1278 quiescente
984 1226 1008 1263 et
1018 1232 1101 1278 eorpus
1111 1217 1175 1264 eliud
1186 1218 1212 1263 iu
1223 1218 1305 1265 eodem
1316 1222 1373 1265 orbe

186 1262 335 1310 imiimi&
345 1263 473 1310 Μήδῳ
484 1274 558 1325 potest
560 1297 717 1312 ···············
735 1268 784 1311 2³0
841 1280 972 1327 revolvente
983 1281 1102 1342 equaliter
1112 1283 1200 1328 moveri
1216 1291 1320 1342 possunt,
1337 1291 1373 1330 est

221 1377 326 1426 Pnor’.
337 1378 453 1425 XXXV.
474 1378 611 1444 THEQR.
625 1379 672 1426 XI.

157 1461 246 1512 lisdem
254 1463 341 1524 positis,
350 1461 404 1509 dico
411 1461 474 1524 quod
480 1461 622 1524 ssesfiguroe
630 1463 655 1510 D
665 1463 687 1510 E
695 1463 719 1519 S,

188 1526 253 1574 rsdio
271 1525 393 1574 indefinito
410 1527 427 1573 S
445 1526 470 1573 D
486 1524 606 1586 descripte,
625 1527 720 1589 equalis

186 1593 216 1639 sit
232 1606 291 1637 aren
310 1605 380 1652 quem
399 1605 491 1650 corpus,
514 1589 578 1638 radio
595 1591 720 1638 dimidibm

188 1655 267 1702 lateris
277 1656 333 1701 recti
344 1654 426 1717 liguris
440 1656 464 1701 D
475 1654 496 1701 E
508 1655 524 1701 S
535 1665 648 1716 sequente,
660 1657 721 1703 circs

187 1729 293 1768 centrum
315 1719 332 1766 S
351 1718 499 1766 uniformiter
516 1718 621 1782 gyrando
637 1719 720 1766 eodem

840 1344 865 1390 in
876 1342 992 1404 triplIcati
1001 1344 1092 1392 ratione
1102 1345 1234 1393 eommunis
1244 1346 1374 1394 altitudinis

840 1407 936 1456 inverse
938 1440 1350 1459 .......................................
1364 1444 1372 1457 .
1389 1415 1437 1461 959

873 1514 978 1563 Prior.
992 1513 1075 1562 XLV.
1104 1515 1235 1565 PROBL.
1250 1517 1353 1565 XXXI.

810 1600 912 1649 Orbium
927 1600 968 1664 qui
984 1610 1039 1648 sunt
1054 1602 1147 1650 citculis
1162 1604 1263 1652 maxime
1278 1603 1372 1651 finitimi

840 1665 990 1728 requiruntur
999 1676 1079 1713 motus
1094 1666 1208 1728 apsidum.
1213 1701 1371 1716 ...............
1388 1672 1436 1716 967

186 1794 291 1844 tempore
302 1782 430 1830 describere
441 1793 523 1843 potest.
528 1816 717 1832 ..................
724 1783 779 1831 ibid.
858 1771 963 1820 PROP·
976 1773 1076 1822 XLVI·
1097 1774 1228 1824 PROBL.
1238 1776 1361 1823 XXXII.

202 1896 305 1944 Pnot’.
318 1896 449 1943 XXXVI.
471 1897 601 1946 PROBL.
615 1898 703 1946 XXV.

158 1982 268 2042 Corporis
282 1980 312 2029 de
327 1981 380 2029 loco
390 1981 445 2030 dsto
458 1984 481 2030 A
493 1983 596 2032 mentis
611 1984 718 2032 determi-
773 2023 775 2026 ,

186 2060 242 2093 nare
253 2055 358 2107 tcmpors
373 2046 496 2095 descensis
497 2081 718 2096 .....................
736 2053 782 2096 983

190 2163 294 2211 PROP.
306 2165 456 2214 XXXVII.
475 2167 605 2215 PROBL.
614 2168 711 2216 XXVI.

157 2251 266 2312 Corporis
276 2251 306 2299 de
316 2252 369 2299 loco
378 2252 434 2300 dsto
449 2252 543 2300 sursbm
559 2254 596 2301 vel
611 2253 720 2301 deorsum

185 2317 281 2379 projecti
292 2315 389 2364 delinire
399 2327 504 2377 ternpore
514 2334 622 2366 aseensus
632 2318 668 2365 vel
678 2318 720 2365 de-

186 2396 287 2428 scensus.
291 2411 716 2431 ........................................
735 2387 781 2431 tet

194 2486 299 2536 PROP·
311 2486 475 2536 XXXVIII.
492 2488 631 2538 Timon
643 2488 708 2536 XII.

157 2568 237 2617 Posito
247 2569 311 2631 quod
321 2570 356 2617 vis
366 2571 493 2630 centripeta
502 2571 678 2631 proportionalis
689 2570 720 2618 sit

186 2633 302 2680 altitudini
314 2649 355 2681 seu
366 2634 481 2681 distsntite
492 2635 596 2682 locorum
606 2650 621 2682 s
631 2644 718 2690 centro,

186 2697 239 2745 dico
246 2698 310 2760 qnod
320 2698 453 2746 cedentium
463 2709 574 2760 tempors‚
586 2699 719 2746 velocitates

185 2773 209 2808 et
219 2763 293 2823 spatis
303 2762 421 2822 descripta.
434 2771 489 2810 sunt
499 2765 599 2810 acubus
609 2778 718 2810 nouum·

186 2841 232 2887 que
243 2826 332 2873 sinibus
342 2829 410 2873 rectis
420 2836 444 2874 ct
454 2827 544 2874 sinibus
552 2826 622 2873 versis
629 2823 719 2886 respe'c·

811 1854 891 1901 Positis
912 1855 1073 1920 cujuscunque
1090 1859 1183 1921 generis
1204 1857 1226 1904 vi
1247 1858 1373 1919 centrIpeti

840 1917 940 1981 datoque
957 1929 1010 1967 tum
1029 1922 1113 1969 virium
1135 1933 1213 1969 centro
1230 1931 1280 1970 tum
1303 1923 1373 1984 plano

840 1997 980 2045 quocunque
995 1985 1021 2031 in
1036 2001 1084 2048 quo
1101 2000 1186 2047 eorpus
1200 1987 1332 2044 revolvitur,
1349 1995 1373 2034 et

840 2047 953 2095 concessis
971 2048 1100 2110 figurarum
1119 2049 1296 2097 curvilinesrum
1315 2066 1373 2113 qun-

840 2110 955 2170 draturis;
978 2114 1103 2174 requiritur
1124 2123 1203 2161 motus
1223 2114 1326 2175 corporis
1343 2116 1373 2162 de

841 2174 962 2233 locodato,
974 2176 1027 2223 deti
1039 2192 1093 2224 curn
1102 2177 1229 2235 velocitste‚
1242 2178 1372 2226 secundnm

840 2249 927 2286 rectam
937 2241 961 2286 in
973 2237 1043 2300 plano
1054 2241 1095 2289 illo
1105 2243 1183 2290 datam
1194 2243 1293 2304 egressi..
1297 2275 1370 2292 .......
1387 2248 1435 2291 978

873 2350 978 2399 PROP.
995 2352 1109 2401 XLVII.
1129 2353 1265 2402 THEOR.
1279 2355 1338 2402 XV.

811 2436 892 2485 Posito
902 2437 966 2498 quod
977 2439 1010 2485 vis
1018 2440 1144 2501 centripeta
1156 2441 1333 2501 proportionaIIs
1343 2443 1373 2492 sit

840 2500 955 2548 distantiis
964 2504 1066 2562 corporis
1077 2520 1092 2550 a
1101 2514 1194 2563 centro;
1211 2521 1306 2566 corpora
1321 2522 1371 2553 om-

840 2564 880 2611 nia
896 2565 921 2611 iu
939 2565 1013 2625 plenis
1034 2567 1211 2631 quibuscunque
1232 2569 1373 2619 revolventis

840 2628 970 2677 describent
980 2629 1080 2690 ellipses‚
1099 2642 1122 2679 et
1137 2633 1293 2681 revolutIones
1311 2645 1372 2682 tem-

839 2692 934 2753 poribus
978 2695 1070 2742 ualibus
1078 2710 1314 2762 peragent3quseque
1322 2715 1372 2747 mo·

840 2767 923 2803 ventur
934 2756 959 2803 in
978 2758 1035 2805 ineis
1046 2761 1120 2814 rectis,
1137 2759 1201 2808 ultrd
1211 2760 1314 2825 citrdque
1325 2764 1373 2810 dis-

840 2821 955 2868 currendo
982 2822 1086 2884 singulus
1112 2824 1184 2872 eundi
1211 2835 1234 2872 et
1260 2827 1373 2875 redeundi

186 2888 233 2937 tivd
243 2890 427 2950 proportionalis.
430 2922 715 2938 ...........................
734 2896 782 2941 955
839 2884 945 2946 periodos
955 2885 1038 2933 iisdem
1050 2891 1192 2949 temporibus
1207 2890 1367 2940 absolvent...
1386 2896 1434 2943 979

188 2994 294 3044 PROP.
308 2994 440 3042 XXXIX.
462 2995 593 3043 PROBL.
603 2997 717 3046 XXVII.

857 2998 962 3046 Pnnr.
973 2999 1103 3048 XLVIII.
1132 3001 1267 3050 THEOR.
1278 3004 1355 3053 XVI.

159 3082 237 3130 I’ositi
247 3083 408 3146 cujuscunque
417 3082 510 3146 generis
520 3083 543 3129 vi
553 3083 687 3144 centripeti,
695 3095 720 3134 et
809 3081 835 3130 Si
845 3092 896 3129 tots
911 3083 982 3146 globo
993 3082 1135 3131 extrinsecus
1144 3084 1175 3132 sd
1186 3087 1286 3148 ungulos
1297 3096 1372 3135 rectos

186 3149 299 3194 concessis
317 3147 447 3210 figurenun
465 3146 644 3195 curvilinesnsm
661 3164 718 3211 qus·

185 3211 292 3265 draturis.
310 3210 435 3274 requiritur
445 3211 546 3271 corporis
556 3210 620 3260 recti
635 3228 715 3261 ascen·

185 3275 261 3323 dentis
277 3275 315 3323 vel
330 3275 492 3322 descendentis
504 3275 556 3323 tbm
567 3276 675 3324 velocitss
691 3278 717 3324 in

186 3339 242 3386 locis
253 3339 361 3403 singulis,
372 3337 423 3386 tdm
433 3349 584 3402 tempusque
594 3355 678 3402 corpus
687 3342 719 3389 sd

185 3404 263 3451 locunt
273 3403 379 3466 quemvis
390 3403 519 3464 perveniet:
539 3413 563 3451 et
573 3415 653 3452 contre
654 3439 716 3455 ......
733 3412 781 3455 966

234 3507 338 3557 PROP.
352 3507 409 3554 XL.
444 3507 580 3557 THEOR.
590 3509 673 3558 XIII.

154 3592 179 3642 si
189 3610 274 3657 oorpus
283 3607 381 3660 cogente
396 3595 419 3642 vi
434 3595 575 3660 quicunque
590 3597 716 3659 centripeti

184 3670 305 3707 moventur
315 3670 442 3722 utcunque.
454 3669 478 3707 et
488 3676 573 3721 corpus
582 3661 647 3709 aliud
655 3662 717 3709 recti

184 3724 292 3771 escendat
312 3725 349 3771 vel
368 3723 500 3781 descendet,
522 3725 614 3788 sintque
636 3742 717 3773 eorum

183 3788 316 3835 velocitates
331 3789 357 3836 io
373 3788 452 3851 aliquo
469 3789 594 3850 equalium
612 3790 716 3838 sititudi-

183 3868 241 3899 nunt
252 3869 307 3900 essu
319 3853 427 3915 equales,
446 3851 577 3901 velocitates
593 3870 674 3901 eorum
691 3854 716 3901 in

182 3917 292 3964 omnibns
314 3917 442 3981 equalibus
463 3917 625 3965 altitudinibus
647 3929 717 3966 erunt

838 3146 935 3203 insistat,
946 3156 971 3194 et
981 3162 1045 3194 more
1055 3157 1157 3196 rotanrm
1168 3150 1307 3198 revolvendo
1318 3167 1371 3213 pro-

838 3211 958 3274 grediatur
973 3211 997 3257 in
1014 3211 1101 3258 circulo
1112 3213 1230 3272 msaimo3
1248 3216 1371 3279 longitudo

839 3274 927 3323 itineris
937 3275 1057 3322 curvilinei
1068 3277 1131 3338 quod
1142 3288 1256 3338 punctum
1272 3280 1371 3342 quodvis

838 3338 864 3384 in
875 3350 932 3387 rotcs
942 3340 1065 3400 perimetro
1075 3341 1164 3399 datum,
1176 3358 1205 3389 es
1215 3359 1263 3405 quo
1291 3345 1369 3391 lobnnr

839 3404 922 3466 tetigit,
938 3403 1045 3460 coniecit,
1063 3404 1182 3468 (quodque
1193 3360 1321 3468 cycloidem
1332 3409 1369 3455 sel

839 3467 1006 3529 epicycloidem
1018 3469 1138 3518 nominare
1148 3470 1213 3530 licet)
1230 3473 1274 3519 erit
1283 3473 1313 3518 sd
1325 3471 1369 3519 du·

838 3531 951 3591 plicatum
962 3532 1040 3578 sinum
1051 3549 1143 3580 versum
1154 3535 1220 3582 ercils
1230 3536 1320 3583 dimidii
1328 3536 1370 3598 qui

838 3594 935 3656 globum
946 3611 974 3643 ex
986 3611 1015 3644 eo
1025 3606 1128 3658 tempore
1143 3599 1204 3646 inter
1219 3598 1323 3646 eundum
1335 3612 1369 3647 te-

838 3659 899 3722 tigit,
911 3669 938 3706 ut
948 3660 1079 3709 differentis
1093 3663 1257 3710 diametromm
1273 3663 1336 3726 globi
1347 3674 1371 3712 et

837 3724 1152 3775 rotsesdsemidismetrnm
1168 3727 1239 3790 globi·
1244 3761 1369 3778 ............
1386 3734 1435 3777 980

866 3829 971 3878 PROP.
986 3830 1082 3880 XLIX.
1103 3832 1342 3881 Tflnonxvtl.

808 3916 833 3965 Si
843 3927 893 3964 rota
903 3917 966 3980 globi
977 3933 1078 3966 concavo
1087 3918 1117 3966 sd
1128 3927 1202 3965 rectos
1217 3919 1317 3981 angulos
1332 3921 1370 3969 in·

182 3982 296 4042 equales..
302 4015 715 4032 .......................................
734 3989 776 4031 941
838 3981 950 4029 trinsecus
969 3982 1058 4030 insistat
1072 3993 1095 4029 et
1113 3984 1252 4031 revolvendo
1274 3999 1369 4046 progre-

216 4091 321 4140 PROP.
335 4093 408 4140 XLI.
428 4093 558 4146 PROBL.
570 4094 707 4143 XXVIII.

152 4174 238 4224 Positi-
245 4178 406 4240 cujuscunqne
422 4178 514 4241 generis
524 4178 547 4225 vi
557 4179 683 4242 centripeti
693 4191 717 4229 et

182 4242 296 4289 concessis
313 4241 443 4305 figurarum
462 4243 641 4291 curvilinesrum
658 4261 715 4308 qus·

182 4303 289 4362 daturis,
301 4307 452 4367 requiruntur
468 4316 519 4353 tum
536 4309 673 4371 trejectorin
689 4310 714 4357 in

182 4369 368 4430 qvubusoorpors
376 4372 539 4428 movebuntur,
552 4382 603 4418 tum
612 4383 716 4434 tempors

182 4441 291 4479 motuum
302 4434 326 4480 in
337 4434 472 4496 nsjectoriis
488 4435 587 4483 Inventis
588 4471 713 4486 ............
732 4444 778 4486 946

216 4533 321 4583 PROP.
332 4536 421 4584 XLlI.
441 4538 568 4586 PROBL.
579 4540 680 4587 XXIX.

151 4616 216 4669 Dei
227 4619 279 4683 lege
295 4621 329 4668 sis
344 4623 484 4683 centripetae,
503 4625 626 4688 requiritur
636 4637 715 4673 motus

837 4045 916 4092 dietur
926 4046 951 4092 in
962 4047 1050 4094 circulo
1065 4047 1176 4105 mssimo,
1196 4048 1320 4110 longitudo
1331 4049 1369 4095 iti-

837 4109 899 4156 neris
916 4111 1037 4158 curviiinei
1055 4110 1118 4172 quod
1138 4122 1253 4171 punctum
1270 4112 1369 4175 quodvis

837 4174 861 4220 in
873 4185 929 4221 rotie
940 4177 1064 4236 perimetro
1073 4174 1162 4232 datum,
1173 4192 1201 4223 er
1213 4192 1260 4238 quo
1271 4177 1369 4240 globum

837 4238 919 4300 tetigit,
932 4240 1039 4292 coniecit,
1051 4239 1094 4286 erit
1102 4238 1283 4300 sddnplicatum
1290 4241 1368 4288 sinum

836 4317 929 4349 versum
946 4303 1012 4351 arctis
1031 4302 1121 4350 dimidii
1140 4305 1181 4365 qui
1200 4306 1297 4367 globum
1319 4315 1369 4353 toto

836 4367 881 4414 boc
902 4377 1006 4428 ternpore
1026 4367 1086 4415 inter
1107 4368 1212 4416 eundum
1234 4369 1318 4432 tetigit,
1341 4381 1369 4417 ut

836 4430 966 4478 differentia
976 4431 1142 4479 diametrorum
1159 4433 1222 4496 globi
1235 4445 1258 4480 et
1269 4444 1326 4480 rotas
1337 4434 1367 4482 sd

836 4496 1044 4543 semi-diametrum
1060 4496 1130 4558 globi.
1135 4531 1344 4547 ....................
1346 4497 1434 4550 ..ibid

877 4602 980 4649 Pnot’.
994 4602 1022 4649 1.
1048 4602 1180 4651 PROBL.
1192 4605 1326 4653 XXXIII.

182 4684 522 4744 corporisdeiooodato‚datti
531 4690 714 4738 cumvelocitste
806 4687 891 4735 Facere
912 4698 940 4735 ut
957 4703 1040 4747 corpus
1057 4687 1187 4749 pendulum
1209 4690 1367 4738 oscilleturiu

131 4803 137 4816 .
181 4749 311 4798 secundnm
321 4750 400 4799 dstsru
411 4762 497 4801 rectam
507 4755 591 4818 egressi
598 4787 712 4804 ...........
729 4761 777 4805 956
834 4752 939 4813 cycloide
953 4752 1007 4800 deti
1009 4786 1259 4808 ........................
1259 4803 1262 4807 ,
1264 4789 1367 4806 ..........
1385 4760 1400 4802 9
1400 4758 1434 4805 83
