<?xml version="1.0" encoding="UTF-8"?>
<!DOCTYPE html PUBLIC "-//W3C//DTD XHTML 1.0 Transitional//EN"
    "http://www.w3.org/TR/xhtml1/DTD/xhtml1-transitional.dtd">
<html xmlns="http://www.w3.org/1999/xhtml" xml:lang="en" lang="en">
 <head>
  <title>
</title>
<meta http-equiv="Content-Type" content="text/html;charset=utf-8" />
  <meta name='ocr-system' content='tesseract 3.04.00' />
  <meta name='ocr-capabilities' content='ocr_page ocr_carea ocr_par ocr_line ocrx_word'/>
</head>
<body>
  <div class='ocr_page' id='page_1' title='image "./philosophiaenat00newtgoog_0427.png"; bbox 0 0 3202 5446; ppageno 0'>
   <div class='ocr_carea' id='block_1_1' title="bbox 152 451 1435 546">
    <p class='ocr_par' dir='ltr' id='par_1_1' title="bbox 152 451 1435 546">
     <span class='ocr_line' id='line_1_1' title="bbox 152 451 1435 546; baseline 0.002 -28"><span class='ocrx_word' id='word_1_1' title='bbox 152 455 267 518; x_wconf 77' lang='lat' dir='ltr'><strong>Liar-:n</strong></span> <span class='ocrx_word' id='word_1_2' title='bbox 283 451 446 533; x_wconf 73' lang='lat' dir='ltr'><strong>Paratus]</strong></span> <span class='ocrx_word' id='word_1_3' title='bbox 512 452 1148 546; x_wconf 78' lang='lat' dir='ltr'><strong>PRINCIPIAMATHEMATICA.</strong></span> <span class='ocrx_word' id='word_1_4' title='bbox 1371 465 1435 530; x_wconf 79' lang='lat'><strong>389</strong></span> 
     </span>
    </p>
   </div>
   <div class='ocr_carea' id='block_1_2' title="bbox 150 627 1435 1464">
    <p class='ocr_par' dir='ltr' id='par_1_2' title="bbox 150 627 1435 1464">
     <span class='ocr_line' id='line_1_2' title="bbox 154 627 1435 716; baseline -0.002 -20"><span class='ocrx_word' id='word_1_5' title='bbox 154 627 326 696; x_wconf 77' lang='lat' dir='ltr'><strong>trahentem</strong></span> <span class='ocrx_word' id='word_1_6' title='bbox 350 629 389 712; x_wconf 51' lang='grc' dir='ltr'><strong>(θ)</strong></span> <span class='ocrx_word' id='word_1_7' title='bbox 412 629 519 716; x_wconf 79' lang='lat' dir='ltr'><strong>augeri</strong></span> <span class='ocrx_word' id='word_1_8' title='bbox 545 629 576 691; x_wconf 92' lang='lat' dir='ltr'><strong>in</strong></span> <span class='ocrx_word' id='word_1_9' title='bbox 603 630 768 706; x_wconf 88' lang='lat' dir='ltr'><strong>infinitum,</strong></span> <span class='ocrx_word' id='word_1_10' title='bbox 794 641 914 694; x_wconf 86' lang='lat' dir='ltr'><strong>constat</strong></span> <span class='ocrx_word' id='word_1_11' title='bbox 929 651 997 713; x_wconf 82' lang='lat' dir='ltr'><strong>,per</strong></span> <span class='ocrx_word' id='word_1_12' title='bbox 1022 629 1206 694; x_wconf 89' lang='lat' dir='ltr'><strong>solutionem</strong></span> <span class='ocrx_word' id='word_1_13' title='bbox 1231 629 1435 695; x_wconf 84' lang='lat' dir='ltr'><strong>Problenratis</strong></span> 
     </span>
     <span class='ocr_line' id='line_1_3' title="bbox 153 734 1435 821; baseline 0.001 -22"><span class='ocrx_word' id='word_1_14' title='bbox 153 734 249 801; x_wconf 85' lang='lat' dir='ltr'><strong>XLI.</strong></span> <span class='ocrx_word' id='word_1_15' title='bbox 265 735 298 796; x_wconf 92' lang='lat' dir='ltr'><strong>in</strong></span> <span class='ocrx_word' id='word_1_16' title='bbox 313 734 458 818; x_wconf 90' lang='lat' dir='ltr'><strong>exemplo</strong></span> <span class='ocrx_word' id='word_1_17' title='bbox 473 735 609 799; x_wconf 89' lang='lat' dir='ltr'><strong>secundo</strong></span> <span class='ocrx_word' id='word_1_18' title='bbox 624 759 660 798; x_wconf 92' lang='lat' dir='ltr'><strong>ac</strong></span> <span class='ocrx_word' id='word_1_19' title='bbox 675 738 767 799; x_wconf 90' lang='lat' dir='ltr'><strong>tertio</strong></span> <span class='ocrx_word' id='word_1_20' title='bbox 787 735 966 800; x_wconf 84' lang='lat' dir='ltr'><strong>exhibitam.</strong></span> <span class='ocrx_word' id='word_1_21' title='bbox 1012 735 1111 813; x_wconf 87' lang='lat' dir='ltr'><strong>Idem,</strong></span> <span class='ocrx_word' id='word_1_22' title='bbox 1136 759 1193 820; x_wconf 88' lang='lat' dir='ltr'><strong>per</strong></span> <span class='ocrx_word' id='word_1_23' title='bbox 1218 737 1360 821; x_wconf 87' lang='lat' dir='ltr'><strong>exempla</strong></span> <span class='ocrx_word' id='word_1_24' title='bbox 1382 738 1435 800; x_wconf 91' lang='lat' dir='ltr'><strong>illa</strong></span> 
     </span>
     <span class='ocr_line' id='line_1_4' title="bbox 151 838 1433 926; baseline 0.001 -21"><span class='ocrx_word' id='word_1_25' title='bbox 151 854 186 905; x_wconf 85' lang='lat' dir='ltr'><strong>et</strong></span> <span class='ocrx_word' id='word_1_26' title='bbox 202 839 379 903; x_wconf 79' lang='lat' dir='ltr'><strong>&#39;I&#39;heorenra</strong></span> <span class='ocrx_word' id='word_1_27' title='bbox 395 839 488 904; x_wconf 85' lang='lat' dir='ltr'><strong>XLI.</strong></span> <span class='ocrx_word' id='word_1_28' title='bbox 511 841 591 903; x_wconf 90' lang='lat' dir='ltr'><strong>inter</strong></span> <span class='ocrx_word' id='word_1_29' title='bbox 606 864 639 903; x_wconf 89' lang='lat' dir='ltr'><strong>se</strong></span> <span class='ocrx_word' id='word_1_30' title='bbox 654 840 774 918; x_wconf 79' lang='lat' dir='ltr'><strong>collata,</strong></span> <span class='ocrx_word' id='word_1_31' title='bbox 799 838 833 923; x_wconf 48' lang='grc' dir='ltr'><strong>(Υ)</strong></span> <span class='ocrx_word' id='word_1_32' title='bbox 848 840 936 905; x_wconf 85' lang='lat' dir='ltr'><strong>facile</strong></span> <span class='ocrx_word' id='word_1_33' title='bbox 960 841 1115 926; x_wconf 83' lang='lat' dir='ltr'><strong>colligitur</strong></span> <span class='ocrx_word' id='word_1_34' title='bbox 1140 841 1179 904; x_wconf 93' lang='lat' dir='ltr'><strong>de</strong></span> <span class='ocrx_word' id='word_1_35' title='bbox 1202 843 1433 906; x_wconf 90' lang='lat' dir='ltr'><strong>attractionibus</strong></span> 
     </span>
     <span class='ocr_line' id='line_1_5' title="bbox 152 947 1433 1032; baseline 0.003 -22"><span class='ocrx_word' id='word_1_36' title='bbox 152 968 321 1030; x_wconf 89' lang='lat' dir='ltr'><strong>corporum</strong></span> <span class='ocrx_word' id='word_1_37' title='bbox 336 968 442 1010; x_wconf 90' lang='lat' dir='ltr'><strong>versus</strong></span> <span class='ocrx_word' id='word_1_38' title='bbox 458 947 548 1010; x_wconf 89' lang='lat' dir='ltr'><strong>orbes</strong></span> <span class='ocrx_word' id='word_1_39' title='bbox 564 969 879 1023; x_wconf 82' lang='lat' dir='ltr'><strong>concavoconvexos,</strong></span> <span class='ocrx_word' id='word_1_40' title='bbox 895 949 958 1012; x_wconf 83' lang='lat' dir='ltr'><strong>sive</strong></span> <span class='ocrx_word' id='word_1_41' title='bbox 978 969 1108 1032; x_wconf 85' lang='lat' dir='ltr'><strong>corpora</strong></span> <span class='ocrx_word' id='word_1_42' title='bbox 1130 960 1258 1012; x_wconf 85' lang='lat' dir='ltr'><strong>attracta</strong></span> <span class='ocrx_word' id='word_1_43' title='bbox 1281 950 1433 1014; x_wconf 90' lang='lat' dir='ltr'><strong>collocen-</strong></span> 
     </span>
     <span class='ocr_line' id='line_1_6' title="bbox 151 1053 1433 1130; baseline 0.003 -13"><span class='ocrx_word' id='word_1_44' title='bbox 151 1069 205 1117; x_wconf 92' lang='lat' dir='ltr'><strong>tur</strong></span> <span class='ocrx_word' id='word_1_45' title='bbox 219 1067 309 1116; x_wconf 87' lang='lat' dir='ltr'><strong>extra</strong></span> <span class='ocrx_word' id='word_1_46' title='bbox 323 1053 427 1130; x_wconf 88' lang='lat' dir='ltr'><strong>orbes,</strong></span> <span class='ocrx_word' id='word_1_47' title='bbox 444 1054 507 1130; x_wconf 87' lang='lat' dir='ltr'><strong>sive</strong></span> <span class='ocrx_word' id='word_1_48' title='bbox 521 1054 602 1117; x_wconf 91' lang='lat' dir='ltr'><strong>intra</strong></span> <span class='ocrx_word' id='word_1_49' title='bbox 618 1056 648 1117; x_wconf 93' lang='lat' dir='ltr'><strong>in</strong></span> <span class='ocrx_word' id='word_1_50' title='bbox 665 1077 773 1118; x_wconf 87' lang='lat' dir='ltr'><strong>eorum</strong></span> <span class='ocrx_word' id='word_1_51' title='bbox 788 1056 978 1119; x_wconf 78' lang='lat' dir='ltr'><strong>caritatibus.</strong></span> <span class='ocrx_word' id='word_1_52' title='bbox 1025 1056 1087 1120; x_wconf 88' lang='lat' dir='ltr'><strong>Sed</strong></span> <span class='ocrx_word' id='word_1_53' title='bbox 1102 1070 1133 1120; x_wconf 90' lang='lat' dir='ltr'><strong>et</strong></span> <span class='ocrx_word' id='word_1_54' title='bbox 1147 1055 1291 1120; x_wconf 87' lang='lat' dir='ltr'><strong>addendo</strong></span> <span class='ocrx_word' id='word_1_55' title='bbox 1305 1056 1353 1121; x_wconf 87' lang='lat' dir='ltr'><strong>vel</strong></span> <span class='ocrx_word' id='word_1_56' title='bbox 1378 1082 1433 1121; x_wconf 90' lang='lat' dir='ltr'><strong>au-</strong></span> 
     </span>
     <span class='ocr_line' id='line_1_7' title="bbox 150 1160 1431 1245; baseline 0.002 -22"><span class='ocrx_word' id='word_1_57' title='bbox 150 1160 282 1227; x_wconf 86' lang='lat' dir='ltr'><strong>ferendo</strong></span> <span class='ocrx_word' id='word_1_58' title='bbox 296 1160 345 1224; x_wconf 92' lang='lat' dir='ltr'><strong>his</strong></span> <span class='ocrx_word' id='word_1_59' title='bbox 360 1161 491 1245; x_wconf 87' lang='lat' dir='ltr'><strong>sphaeris</strong></span> <span class='ocrx_word' id='word_1_60' title='bbox 514 1176 545 1226; x_wconf 88' lang='lat' dir='ltr'><strong>et</strong></span> <span class='ocrx_word' id='word_1_61' title='bbox 568 1163 695 1225; x_wconf 84' lang='lat' dir='ltr'>orbibus</span> <span class='ocrx_word' id='word_1_62' title='bbox 720 1162 820 1225; x_wconf 92' lang='lat' dir='ltr'><strong>ubivis</strong></span> <span class='ocrx_word' id='word_1_63' title='bbox 846 1175 934 1226; x_wconf 83' lang='lat' dir='ltr'><strong>extra</strong></span> <span class='ocrx_word' id='word_1_64' title='bbox 959 1163 1062 1226; x_wconf 88' lang='lat' dir='ltr'><strong>locrrm</strong></span> <span class='ocrx_word' id='word_1_65' title='bbox 1087 1175 1246 1229; x_wconf 85' lang='lat' dir='ltr'><strong>contactus</strong></span> <span class='ocrx_word' id='word_1_66' title='bbox 1270 1165 1431 1227; x_wconf 81' lang='lat' dir='ltr'><strong>materiam</strong></span> 
     </span>
     <span class='ocr_line' id='line_1_8' title="bbox 151 1267 1432 1361; baseline 0.002 -31"><span class='ocrx_word' id='word_1_67' title='bbox 151 1268 324 1353; x_wconf 87' lang='lat' dir='ltr'><strong>quamlibet</strong></span> <span class='ocrx_word' id='word_1_68' title='bbox 337 1269 538 1345; x_wconf 88' lang='lat' dir='ltr'><strong>attractivam‚</strong></span> <span class='ocrx_word' id='word_1_69' title='bbox 555 1267 593 1332; x_wconf 83' lang='lat' dir='ltr'><strong>eb</strong></span> <span class='ocrx_word' id='word_1_70' title='bbox 608 1282 643 1332; x_wconf 91' lang='lat' dir='ltr'><strong>ut</strong></span> <span class='ocrx_word' id='word_1_71' title='bbox 658 1291 789 1352; x_wconf 89' lang='lat' dir='ltr'><strong>corpora</strong></span> <span class='ocrx_word' id='word_1_72' title='bbox 810 1269 970 1332; x_wconf 83' lang='lat' dir='ltr'><strong>attractiva</strong></span> <span class='ocrx_word' id='word_1_73' title='bbox 990 1269 1127 1361; x_wconf 81' lang='lat' dir='ltr'><strong>induant</strong></span> <span class='ocrx_word' id='word_1_74' title='bbox 1142 1270 1273 1357; x_wconf 85' lang='lat' dir='ltr'><strong>figuram</strong></span> <span class='ocrx_word' id='word_1_75' title='bbox 1295 1272 1432 1353; x_wconf 87' lang='lat' dir='ltr'><strong>quamvis</strong></span> 
     </span>
     <span class='ocr_line' id='line_1_9' title="bbox 152 1376 1310 1464; baseline 0.003 -25"><span class='ocrx_word' id='word_1_76' title='bbox 152 1377 352 1464; x_wconf 83' lang='lat' dir='ltr'><strong>assignatam,</strong></span> <span class='ocrx_word' id='word_1_77' title='bbox 369 1376 523 1440; x_wconf 85' lang='lat' dir='ltr'><strong>constabit</strong></span> <span class='ocrx_word' id='word_1_78' title='bbox 539 1377 716 1462; x_wconf 91' lang='lat' dir='ltr'><strong>Propositio</strong></span> <span class='ocrx_word' id='word_1_79' title='bbox 730 1378 769 1441; x_wconf 91' lang='lat' dir='ltr'><strong>de</strong></span> <span class='ocrx_word' id='word_1_80' title='bbox 785 1379 965 1462; x_wconf 85' lang='lat' dir='ltr'><strong>corporibus</strong></span> <span class='ocrx_word' id='word_1_81' title='bbox 980 1379 1140 1443; x_wconf 84' lang='lat' dir='ltr'><strong>universis.</strong></span> <span class='ocrx_word' id='word_1_82' title='bbox 1179 1379 1220 1454; x_wconf 91' lang='lat' dir='ltr'><strong>Q.</strong></span> <span class='ocrx_word' id='word_1_83' title='bbox 1237 1402 1263 1443; x_wconf 89' lang='lat' dir='ltr'><strong>e.</strong></span> <span class='ocrx_word' id='word_1_84' title='bbox 1279 1379 1310 1442; x_wconf 92' lang='lat' dir='ltr'><strong>d.</strong></span> 
     </span>
    </p>
   </div>
   <div class='ocr_carea' id='block_1_3' title="bbox 296 1612 1282 1682">
    <p class='ocr_par' dir='ltr' id='par_1_3' title="bbox 296 1612 1282 1682">
     <span class='ocr_line' id='line_1_10' title="bbox 296 1612 1282 1682; baseline 0.004 -6"><span class='ocrx_word' id='word_1_85' title='bbox 296 1613 580 1678; x_wconf 89' lang='lat' dir='ltr'><strong>PROPOSITIO</strong></span> <span class='ocrx_word' id='word_1_86' title='bbox 603 1612 820 1678; x_wconf 89' lang='lat' dir='ltr'><strong>LXXXVII.</strong></span> <span class='ocrx_word' id='word_1_87' title='bbox 865 1613 1135 1679; x_wconf 84' lang='lat' dir='ltr'>THEOREMA</span> <span class='ocrx_word' id='word_1_88' title='bbox 1158 1614 1282 1682; x_wconf 86' lang='lat' dir='ltr'><strong>XLIV.</strong></span> 
     </span>
    </p>
   </div>
   <div class='ocr_carea' id='block_1_4' title="bbox 150 1763 1432 2277">
    <p class='ocr_par' dir='ltr' id='par_1_4' title="bbox 150 1763 1432 2277">
     <span class='ocr_line' id='line_1_11' title="bbox 150 1763 1431 1847; baseline 0.001 -20"><span class='ocrx_word' id='word_1_89' title='bbox 150 1764 187 1828; x_wconf 85' lang='lat' dir='ltr'><strong>Si</strong></span> <span class='ocrx_word' id='word_1_90' title='bbox 199 1786 323 1847; x_wconf 79' lang='lat' dir='ltr'><strong>corpora</strong></span> <span class='ocrx_word' id='word_1_91' title='bbox 338 1767 395 1827; x_wconf 86' lang='lat' dir='ltr'><strong>duo</strong></span> <span class='ocrx_word' id='word_1_92' title='bbox 408 1763 466 1826; x_wconf 82' lang='lat' dir='ltr'><strong>sibi</strong></span> <span class='ocrx_word' id='word_1_93' title='bbox 479 1765 598 1826; x_wconf 87' lang='lat' dir='ltr'><strong>invicem</strong></span> <span class='ocrx_word' id='word_1_94' title='bbox 613 1765 732 1840; x_wconf 87' lang='lat' dir='ltr'><strong>similia,</strong></span> <span class='ocrx_word' id='word_1_95' title='bbox 749 1774 778 1826; x_wconf 88' lang='lat' dir='ltr'><strong>ct</strong></span> <span class='ocrx_word' id='word_1_96' title='bbox 799 1786 836 1826; x_wconf 79' lang='lat' dir='ltr'><strong>ea</strong></span> <span class='ocrx_word' id='word_1_97' title='bbox 856 1763 981 1826; x_wconf 76' lang='lat' dir='ltr'><strong>materid</strong></span> <span class='ocrx_word' id='word_1_98' title='bbox 1003 1766 1158 1847; x_wconf 78' lang='lat' dir='ltr'><strong>aeqrraliter</strong></span> <span class='ocrx_word' id='word_1_99' title='bbox 1181 1767 1341 1830; x_wconf 82' lang='lat' dir='ltr'><strong>attractivri</strong></span> <span class='ocrx_word' id='word_1_100' title='bbox 1364 1789 1431 1830; x_wconf 91' lang='lat' dir='ltr'><strong>con-</strong></span> 
     </span>
     <span class='ocr_line' id='line_1_12' title="bbox 194 1873 1432 1955; baseline 0.002 -20"><span class='ocrx_word' id='word_1_101' title='bbox 194 1874 317 1947; x_wconf 86' lang='lat' dir='ltr'><strong>stantia,</strong></span> <span class='ocrx_word' id='word_1_102' title='bbox 333 1873 449 1934; x_wconf 85' lang='lat' dir='ltr'><strong>seorsim</strong></span> <span class='ocrx_word' id='word_1_103' title='bbox 464 1873 619 1934; x_wconf 81' lang='lat' dir='ltr'><strong>attrahant</strong></span> <span class='ocrx_word' id='word_1_104' title='bbox 633 1874 800 1953; x_wconf 78' lang='lat' dir='ltr'><strong>corpasnrla</strong></span> <span class='ocrx_word' id='word_1_105' title='bbox 815 1873 872 1935; x_wconf 80' lang='lat' dir='ltr'><strong>siti</strong></span> <span class='ocrx_word' id='word_1_106' title='bbox 886 1875 957 1954; x_wconf 87' lang='lat' dir='ltr'><strong>ipsis</strong></span> <span class='ocrx_word' id='word_1_107' title='bbox 965 1875 1207 1955; x_wconf 80' lang='lat' dir='ltr'><strong>proportionalia</strong></span> <span class='ocrx_word' id='word_1_108' title='bbox 1229 1885 1258 1937; x_wconf 86' lang='lat' dir='ltr'><strong>et</strong></span> <span class='ocrx_word' id='word_1_109' title='bbox 1279 1880 1321 1938; x_wconf 89' lang='lat' dir='ltr'><strong>ad</strong></span> <span class='ocrx_word' id='word_1_110' title='bbox 1340 1898 1370 1939; x_wconf 91' lang='lat' dir='ltr'><strong>se</strong></span> <span class='ocrx_word' id='word_1_111' title='bbox 1391 1879 1432 1938; x_wconf 90' lang='lat' dir='ltr'><strong>si-</strong></span> 
     </span>
     <span class='ocr_line' id='line_1_13' title="bbox 193 1979 1431 2062; baseline 0 -21"><span class='ocrx_word' id='word_1_112' title='bbox 193 1980 305 2041; x_wconf 83' lang='lat' dir='ltr'><strong>militer</strong></span> <span class='ocrx_word' id='word_1_113' title='bbox 323 1981 447 2060; x_wconf 85' lang='lat' dir='ltr'><strong>posita:</strong></span> <span class='ocrx_word' id='word_1_114' title='bbox 479 1981 669 2040; x_wconf 81' lang='lat' dir='ltr'><strong>attractiones</strong></span> <span class='ocrx_word' id='word_1_115' title='bbox 694 1979 910 2042; x_wconf 86' lang='lat' dir='ltr'><strong>acceleratrices</strong></span> <span class='ocrx_word' id='word_1_116' title='bbox 933 1981 1159 2060; x_wconf 75' lang='lat' dir='ltr'><strong>coeptandoram</strong></span> <span class='ocrx_word' id='word_1_117' title='bbox 1179 1981 1211 2041; x_wconf 87' lang='lat' dir='ltr'><strong>in</strong></span> <span class='ocrx_word' id='word_1_118' title='bbox 1225 2003 1349 2062; x_wconf 84' lang='lat' dir='ltr'><strong>corpora</strong></span> <span class='ocrx_word' id='word_1_119' title='bbox 1368 1990 1431 2043; x_wconf 86' lang='lat' dir='ltr'><strong>tota</strong></span> 
     </span>
     <span class='ocr_line' id='line_1_14' title="bbox 194 2086 1432 2169; baseline 0.002 -21"><span class='ocrx_word' id='word_1_120' title='bbox 194 2096 280 2148; x_wconf 73' lang='lat' dir='ltr'><strong>nant</strong></span> <span class='ocrx_word' id='word_1_121' title='bbox 294 2096 327 2147; x_wconf 85' lang='lat' dir='ltr'><strong>ut</strong></span> <span class='ocrx_word' id='word_1_122' title='bbox 341 2086 532 2147; x_wconf 83' lang='lat' dir='ltr'><strong>attractiones</strong></span> <span class='ocrx_word' id='word_1_123' title='bbox 546 2086 761 2146; x_wconf 82' lang='lat' dir='ltr'><strong>accelerntrices</strong></span> <span class='ocrx_word' id='word_1_124' title='bbox 774 2088 1002 2166; x_wconf 74' lang='lat' dir='ltr'><strong>corprrsmlomm</strong></span> <span class='ocrx_word' id='word_1_125' title='bbox 1018 2087 1050 2147; x_wconf 86' lang='lat' dir='ltr'><strong>in</strong></span> <span class='ocrx_word' id='word_1_126' title='bbox 1065 2107 1160 2149; x_wconf 77' lang='lat' dir='ltr'><strong>emam</strong></span> <span class='ocrx_word' id='word_1_127' title='bbox 1175 2090 1344 2169; x_wconf 82' lang='lat' dir='ltr'><strong>particulas</strong></span> <span class='ocrx_word' id='word_1_128' title='bbox 1363 2091 1432 2151; x_wconf 88' lang='lat' dir='ltr'><strong>totis</strong></span> 
     </span>
     <span class='ocr_line' id='line_1_15' title="bbox 186 2194 895 2277; baseline 0 -21"><span class='ocrx_word' id='word_1_129' title='bbox 186 2195 435 2277; x_wconf 80' lang='lat' dir='ltr'><strong>proportionales,</strong></span> <span class='ocrx_word' id='word_1_130' title='bbox 453 2203 481 2256; x_wconf 87' lang='lat' dir='ltr'><strong>et</strong></span> <span class='ocrx_word' id='word_1_131' title='bbox 495 2194 528 2255; x_wconf 89' lang='lat' dir='ltr'><strong>in</strong></span> <span class='ocrx_word' id='word_1_132' title='bbox 542 2194 612 2255; x_wconf 87' lang='lat' dir='ltr'><strong>totis</strong></span> <span class='ocrx_word' id='word_1_133' title='bbox 627 2194 762 2255; x_wconf 87' lang='lat' dir='ltr'><strong>sirnilr&#39;ter</strong></span> <span class='ocrx_word' id='word_1_134' title='bbox 771 2194 895 2274; x_wconf 84' lang='lat' dir='ltr'><strong>positas.</strong></span> 
     </span>
    </p>
   </div>
   <div class='ocr_carea' id='block_1_5' title="bbox 151 2359 1433 2984">
    <p class='ocr_par' dir='ltr' id='par_1_5' title="bbox 151 2359 1433 2984">
     <span class='ocr_line' id='line_1_16' title="bbox 194 2359 1433 2449; baseline 0.003 -24"><span class='ocrx_word' id='word_1_135' title='bbox 194 2359 279 2426; x_wconf 82' lang='lat' dir='ltr'><strong>Nam</strong></span> <span class='ocrx_word' id='word_1_136' title='bbox 295 2361 319 2422; x_wconf 95' lang='lat' dir='ltr'><strong>si</strong></span> <span class='ocrx_word' id='word_1_137' title='bbox 335 2383 467 2444; x_wconf 88' lang='lat' dir='ltr'><strong>corpora</strong></span> <span class='ocrx_word' id='word_1_138' title='bbox 482 2359 710 2446; x_wconf 82' lang='lat' dir='ltr'><strong>distinguantur</strong></span> <span class='ocrx_word' id='word_1_139' title='bbox 725 2361 756 2423; x_wconf 93' lang='lat' dir='ltr'><strong>in</strong></span> <span class='ocrx_word' id='word_1_140' title='bbox 771 2361 947 2444; x_wconf 87' lang='lat' dir='ltr'><strong>particulas,</strong></span> <span class='ocrx_word' id='word_1_141' title='bbox 971 2386 1041 2448; x_wconf 86' lang='lat' dir='ltr'><strong>quae</strong></span> <span class='ocrx_word' id='word_1_142' title='bbox 1056 2364 1117 2426; x_wconf 90' lang='lat' dir='ltr'><strong>sint</strong></span> <span class='ocrx_word' id='word_1_143' title='bbox 1132 2364 1202 2427; x_wconf 88' lang='lat' dir='ltr'><strong>totis</strong></span> <span class='ocrx_word' id='word_1_144' title='bbox 1217 2367 1433 2449; x_wconf 89' lang='lat' dir='ltr'><strong>proportiona-</strong></span> 
     </span>
     <span class='ocr_line' id='line_1_17' title="bbox 151 2466 1432 2557; baseline 0.004 -26"><span class='ocrx_word' id='word_1_145' title='bbox 151 2467 206 2545; x_wconf 81' lang='lat' dir='ltr'><strong>les,</strong></span> <span class='ocrx_word' id='word_1_146' title='bbox 223 2467 302 2530; x_wconf 87' lang='lat' dir='ltr'><strong>etin</strong></span> <span class='ocrx_word' id='word_1_147' title='bbox 317 2467 391 2530; x_wconf 83' lang='lat' dir='ltr'><strong>totis</strong></span> <span class='ocrx_word' id='word_1_148' title='bbox 407 2466 547 2529; x_wconf 91' lang='lat' dir='ltr'><strong>similiter</strong></span> <span class='ocrx_word' id='word_1_149' title='bbox 569 2467 654 2543; x_wconf 82' lang='lat' dir='ltr'><strong>sitoe3</strong></span> <span class='ocrx_word' id='word_1_150' title='bbox 677 2467 744 2543; x_wconf 80' lang='lat' dir='ltr'><strong>erit,</strong></span> <span class='ocrx_word' id='word_1_151' title='bbox 772 2480 808 2529; x_wconf 93' lang='lat' dir='ltr'><strong>ut</strong></span> <span class='ocrx_word' id='word_1_152' title='bbox 833 2469 974 2531; x_wconf 86' lang='lat' dir='ltr'><strong>attractio</strong></span> <span class='ocrx_word' id='word_1_153' title='bbox 999 2470 1031 2531; x_wconf 91' lang='lat' dir='ltr'><strong>in</strong></span> <span class='ocrx_word' id='word_1_154' title='bbox 1055 2471 1239 2553; x_wconf 88' lang='lat' dir='ltr'><strong>particulam</strong></span> <span class='ocrx_word' id='word_1_155' title='bbox 1265 2472 1432 2557; x_wconf 82' lang='lat' dir='ltr'><strong>quamlibet</strong></span> 
     </span>
     <span class='ocr_line' id='line_1_18' title="bbox 151 2572 1431 2661; baseline 0.002 -24"><span class='ocrx_word' id='word_1_156' title='bbox 151 2575 243 2637; x_wconf 89' lang='lat' dir='ltr'><strong>unius</strong></span> <span class='ocrx_word' id='word_1_157' title='bbox 259 2573 397 2656; x_wconf 88' lang='lat' dir='ltr'><strong>corporis</strong></span> <span class='ocrx_word' id='word_1_158' title='bbox 413 2572 454 2634; x_wconf 89' lang='lat' dir='ltr'><strong>ad</strong></span> <span class='ocrx_word' id='word_1_159' title='bbox 469 2573 681 2635; x_wconf 88' lang='lat' dir='ltr'><strong>attractionem</strong></span> <span class='ocrx_word' id='word_1_160' title='bbox 697 2573 728 2634; x_wconf 93' lang='lat' dir='ltr'><strong>in</strong></span> <span class='ocrx_word' id='word_1_161' title='bbox 744 2573 927 2656; x_wconf 87' lang='lat' dir='ltr'><strong>particulam</strong></span> <span class='ocrx_word' id='word_1_162' title='bbox 943 2576 1233 2659; x_wconf 86' lang='lat' dir='ltr'><strong>correspondentem</strong></span> <span class='ocrx_word' id='word_1_163' title='bbox 1256 2578 1287 2639; x_wconf 95' lang='lat' dir='ltr'><strong>in</strong></span> <span class='ocrx_word' id='word_1_164' title='bbox 1303 2600 1431 2661; x_wconf 89' lang='lat' dir='ltr'><strong>corpore</strong></span> 
     </span>
     <span class='ocr_line' id='line_1_19' title="bbox 151 2681 1431 2769; baseline 0.002 -23"><span class='ocrx_word' id='word_1_165' title='bbox 151 2684 259 2757; x_wconf 81' lang='lat' dir='ltr'><strong>altero,</strong></span> <span class='ocrx_word' id='word_1_166' title='bbox 276 2685 319 2745; x_wconf 91' lang='lat' dir='ltr'><strong>ita</strong></span> <span class='ocrx_word' id='word_1_167' title='bbox 334 2683 530 2745; x_wconf 87' lang='lat' dir='ltr'><strong>attractiones</strong></span> <span class='ocrx_word' id='word_1_168' title='bbox 546 2682 578 2743; x_wconf 92' lang='lat' dir='ltr'><strong>in</strong></span> <span class='ocrx_word' id='word_1_169' title='bbox 593 2681 759 2765; x_wconf 86' lang='lat' dir='ltr'><strong>particulas</strong></span> <span class='ocrx_word' id='word_1_170' title='bbox 775 2683 911 2769; x_wconf 86' lang='lat' dir='ltr'><strong>singulas</strong></span> <span class='ocrx_word' id='word_1_171' title='bbox 926 2685 1018 2767; x_wconf 88' lang='lat' dir='ltr'><strong>primi</strong></span> <span class='ocrx_word' id='word_1_172' title='bbox 1033 2686 1170 2769; x_wconf 90' lang='lat' dir='ltr'><strong>corporis</strong></span> <span class='ocrx_word' id='word_1_173' title='bbox 1185 2685 1225 2748; x_wconf 90' lang='lat' dir='ltr'><strong>ad</strong></span> <span class='ocrx_word' id='word_1_174' title='bbox 1236 2687 1431 2749; x_wconf 85' lang='lat' dir='ltr'><strong>attractiones</strong></span> 
     </span>
     <span class='ocr_line' id='line_1_20' title="bbox 152 2792 1430 2878; baseline 0 -20"><span class='ocrx_word' id='word_1_175' title='bbox 152 2797 184 2858; x_wconf 95' lang='lat' dir='ltr'><strong>in</strong></span> <span class='ocrx_word' id='word_1_176' title='bbox 200 2794 327 2858; x_wconf 90' lang='lat' dir='ltr'><strong>alterius</strong></span> <span class='ocrx_word' id='word_1_177' title='bbox 340 2792 507 2877; x_wconf 87' lang='lat' dir='ltr'><strong>particulas</strong></span> <span class='ocrx_word' id='word_1_178' title='bbox 522 2792 660 2878; x_wconf 86' lang='lat' dir='ltr'><strong>singulas</strong></span> <span class='ocrx_word' id='word_1_179' title='bbox 675 2792 969 2874; x_wconf 81' lang='lat' dir='ltr'><strong>correspondentes3</strong></span> <span class='ocrx_word' id='word_1_180' title='bbox 993 2805 1023 2856; x_wconf 90' lang='lat' dir='ltr'><strong>et</strong></span> <span class='ocrx_word' id='word_1_181' title='bbox 1034 2794 1258 2878; x_wconf 89' lang='lat' dir='ltr'><strong>componendo,</strong></span> <span class='ocrx_word' id='word_1_182' title='bbox 1269 2796 1311 2858; x_wconf 89' lang='lat' dir='ltr'><strong>ita</strong></span> <span class='ocrx_word' id='word_1_183' title='bbox 1321 2809 1430 2858; x_wconf 88' lang='lat' dir='ltr'><strong>attrac-</strong></span> 
     </span>
     <span class='ocr_line' id='line_1_21' title="bbox 151 2898 1431 2984; baseline -0.002 -18"><span class='ocrx_word' id='word_1_184' title='bbox 151 2904 209 2966; x_wconf 53' lang='lat' dir='ltr'><strong>tio¹</strong></span> <span class='ocrx_word' id='word_1_185' title='bbox 222 2904 256 2964; x_wconf 91' lang='lat' dir='ltr'><strong>in</strong></span> <span class='ocrx_word' id='word_1_186' title='bbox 281 2913 382 2964; x_wconf 89' lang='lat' dir='ltr'><strong>toturn</strong></span> <span class='ocrx_word' id='word_1_187' title='bbox 405 2901 541 2984; x_wconf 89' lang='lat' dir='ltr'><strong>primum</strong></span> <span class='ocrx_word' id='word_1_188' title='bbox 568 2921 681 2982; x_wconf 90' lang='lat' dir='ltr'><strong>corpus</strong></span> <span class='ocrx_word' id='word_1_189' title='bbox 707 2898 747 2983; x_wconf 58' lang='grc' dir='ltr'><strong>(θ)</strong></span> <span class='ocrx_word' id='word_1_190' title='bbox 770 2899 810 2961; x_wconf 86' lang='lat' dir='ltr'><strong>ad</strong></span> <span class='ocrx_word' id='word_1_191' title='bbox 835 2902 1046 2963; x_wconf 86' lang='lat' dir='ltr'><strong>attractionem</strong></span> <span class='ocrx_word' id='word_1_192' title='bbox 1069 2902 1102 2963; x_wconf 93' lang='lat' dir='ltr'><strong>in</strong></span> <span class='ocrx_word' id='word_1_193' title='bbox 1127 2916 1226 2966; x_wconf 90' lang='lat' dir='ltr'><strong>toturn</strong></span> <span class='ocrx_word' id='word_1_194' title='bbox 1252 2902 1431 2966; x_wconf 90' lang='lat' dir='ltr'><strong>secundum.</strong></span> 
     </span>
    </p>
   </div>
   <div class='ocr_carea' id='block_1_6' title="bbox 153 3009 287 3086">
    <p class='ocr_par' dir='ltr' id='par_1_6' title="bbox 153 3009 287 3086">
     <span class='ocr_line' id='line_1_22' title="bbox 153 3009 287 3086; baseline 0 -14"><span class='ocrx_word' id='word_1_195' title='bbox 153 3011 196 3086; x_wconf 89' lang='lat' dir='ltr'><strong>Q.</strong></span> <span class='ocrx_word' id='word_1_196' title='bbox 211 3034 239 3073; x_wconf 86' lang='lat' dir='ltr'><strong>e.</strong></span> <span class='ocrx_word' id='word_1_197' title='bbox 256 3009 287 3072; x_wconf 91' lang='lat' dir='ltr'><strong>d.</strong></span> 
     </span>
    </p>
   </div>
   <div class='ocr_carea' id='block_1_7' title="bbox 152 3159 737 4751">
    <p class='ocr_par' dir='ltr' id='par_1_7' title="bbox 152 3159 652 3287">
     <span class='ocr_line' id='line_1_23' title="bbox 185 3159 652 3223; baseline -0.013 -15"><span class='ocrx_word' id='word_1_198' title='bbox 185 3162 220 3223; x_wconf 66' lang='lat'><strong>(²)</strong></span> <span class='ocrx_word' id='word_1_199' title='bbox 240 3163 253 3187; x_wconf 82' lang='lat'>⁸</span> <span class='ocrx_word' id='word_1_200' title='bbox 271 3161 359 3217; x_wconf 69' lang='lat' dir='ltr'><strong>Augai</strong></span> <span class='ocrx_word' id='word_1_201' title='bbox 374 3161 399 3205; x_wconf 85' lang='lat' dir='ltr'><strong>in</strong></span> <span class='ocrx_word' id='word_1_202' title='bbox 420 3159 539 3221; x_wconf 75' lang='lat' dir='ltr'><strong>infinitam</strong></span> <span class='ocrx_word' id='word_1_203' title='bbox 560 3165 652 3211; x_wconf 79' lang='lat' dir='ltr'><strong>constat.</strong></span> 
     </span>
     <span class='ocr_line' id='line_1_24' title="bbox 152 3225 447 3287; baseline -0.02 -15"><span class='ocrx_word' id='word_1_204' title='bbox 152 3226 194 3272; x_wconf 75' lang='lat' dir='ltr'><strong>aa</strong></span> <span class='ocrx_word' id='word_1_205' title='bbox 231 3226 296 3287; x_wconf 74' lang='lat'><strong>(521.</strong></span> <span class='ocrx_word' id='word_1_206' title='bbox 312 3229 365 3270; x_wconf 74' lang='lat' dir='ltr'><strong>aar.</strong></span> <span class='ocrx_word' id='word_1_207' title='bbox 379 3225 447 3280; x_wconf 73' lang='lat' dir='ltr'><strong>aar.)</strong></span> 
     </span>
    </p>

    <p class='ocr_par' dir='ltr' id='par_1_8' title="bbox 153 3285 654 3408">
     <span class='ocr_line' id='line_1_25' title="bbox 186 3285 654 3352; baseline -0.021 -14"><span class='ocrx_word' id='word_1_208' title='bbox 186 3289 217 3352; x_wconf 61' lang='grc' dir='ltr'><strong>(ί)</strong></span> <span class='ocrx_word' id='word_1_209' title='bbox 236 3296 249 3316; x_wconf 83' lang='grc'><em>·</em></span> <span class='ocrx_word' id='word_1_210' title='bbox 268 3287 346 3336; x_wconf 72' lang='lat' dir='ltr'><strong>Facta</strong></span> <span class='ocrx_word' id='word_1_211' title='bbox 357 3289 468 3345; x_wconf 78' lang='lat' dir='ltr'><strong>colligitur</strong></span> <span class='ocrx_word' id='word_1_212' title='bbox 478 3285 654 3331; x_wconf 83' lang='lat' dir='ltr'><strong>dcattractioni-</strong></span> 
     </span>
     <span class='ocr_line' id='line_1_26' title="bbox 153 3353 602 3408; baseline -0.02 -7"><span class='ocrx_word' id='word_1_213' title='bbox 153 3357 202 3408; x_wconf 67' lang='lat' dir='ltr'><strong>lut,</strong></span> <span class='ocrx_word' id='word_1_214' title='bbox 213 3357 255 3398; x_wconf 70' lang='grc' dir='ltr'><strong>ἅτ.</strong></span> <span class='ocrx_word' id='word_1_215' title='bbox 275 3357 331 3397; x_wconf 76' lang='lat'><strong>5‘28.</strong></span> <span class='ocrx_word' id='word_1_216' title='bbox 345 3357 398 3397; x_wconf 76' lang='lat'><strong>530.</strong></span> <span class='ocrx_word' id='word_1_217' title='bbox 413 3355 466 3396; x_wconf 74' lang='lat'><strong>539.</strong></span> <span class='ocrx_word' id='word_1_218' title='bbox 480 3354 533 3395; x_wconf 82' lang='lat'><strong>555.</strong></span> <span class='ocrx_word' id='word_1_219' title='bbox 548 3353 602 3395; x_wconf 84' lang='lat'><strong>556.</strong></span> 
     </span>
    </p>

    <p class='ocr_par' dir='ltr' id='par_1_9' title="bbox 153 3408 737 4751">
     <span class='ocr_line' id='line_1_27' title="bbox 186 3408 737 3480; baseline -0.018 -15"><span class='ocrx_word' id='word_1_220' title='bbox 186 3417 220 3480; x_wconf 56' lang='grc' dir='ltr'><strong>(ι)</strong></span> <span class='ocrx_word' id='word_1_221' title='bbox 238 3422 295 3464; x_wconf 81' lang='grc'><strong>539.</strong></span> <span class='ocrx_word' id='word_1_222' title='bbox 313 3419 325 3443; x_wconf 77' lang='lat'><strong>‘</strong></span> <span class='ocrx_word' id='word_1_223' title='bbox 343 3417 382 3460; x_wconf 75' lang='lat' dir='ltr'><strong>aa</strong></span> <span class='ocrx_word' id='word_1_224' title='bbox 400 3416 557 3460; x_wconf 84' lang='lat' dir='ltr'><strong>attractionem</strong></span> <span class='ocrx_word' id='word_1_225' title='bbox 576 3414 601 3458; x_wconf 87' lang='lat' dir='ltr'><strong>in</strong></span> <span class='ocrx_word' id='word_1_226' title='bbox 620 3419 654 3456; x_wconf 91' lang='lat' dir='ltr'><strong>to·</strong></span> <span class='ocrx_word' id='word_1_227' title='bbox 712 3408 737 3468; x_wconf 78' lang='lat' dir='ltr'>B</span> 
     </span>
     <span class='ocr_line' id='line_1_28' title="bbox 153 3475 653 3535; baseline -0.02 -7"><span class='ocrx_word' id='word_1_228' title='bbox 153 3491 204 3529; x_wconf 76' lang='lat' dir='ltr'><strong>turn</strong></span> <span class='ocrx_word' id='word_1_229' title='bbox 216 3483 350 3527; x_wconf 80' lang='lat' dir='ltr'><strong>secundam.</strong></span> <span class='ocrx_word' id='word_1_230' title='bbox 383 3477 485 3535; x_wconf 86' lang='lat' dir='ltr'><strong>Corpora</strong></span> <span class='ocrx_word' id='word_1_231' title='bbox 496 3475 581 3521; x_wconf 79' lang='lat' dir='ltr'><strong>slmilia</strong></span> <span class='ocrx_word' id='word_1_232' title='bbox 591 3475 623 3529; x_wconf 87' lang='lat' dir='ltr'><strong>A,</strong></span> <span class='ocrx_word' id='word_1_233' title='bbox 632 3490 653 3529; x_wconf 84' lang='lat' dir='ltr'><strong>a,</strong></span> 
     </span>
     <span class='ocr_line' id='line_1_29' title="bbox 153 3538 654 3599; baseline -0.018 -8"><span class='ocrx_word' id='word_1_234' title='bbox 153 3546 248 3591; x_wconf 60' lang='lat' dir='ltr'><strong>“oraim</strong></span> <span class='ocrx_word' id='word_1_235' title='bbox 259 3544 375 3589; x_wconf 87' lang='lat' dir='ltr'><strong>attrahant</strong></span> <span class='ocrx_word' id='word_1_236' title='bbox 385 3540 522 3599; x_wconf 82' lang='lat' dir='ltr'><strong>corpuscula</strong></span> <span class='ocrx_word' id='word_1_237' title='bbox 536 3540 562 3588; x_wconf 77' lang='lat' dir='ltr'><strong>C,</strong></span> <span class='ocrx_word' id='word_1_238' title='bbox 581 3554 594 3584; x_wconf 94' lang='lat' dir='ltr'><strong>c</strong></span> <span class='ocrx_word' id='word_1_239' title='bbox 612 3538 654 3584; x_wconf 77' lang='lat' dir='ltr'><strong>sibi</strong></span> 
     </span>
     <span class='ocr_line' id='line_1_30' title="bbox 153 3601 654 3669; baseline -0.016 -15"><span class='ocrx_word' id='word_1_240' title='bbox 153 3609 209 3669; x_wconf 78' lang='lat' dir='ltr'><strong>ipsis</strong></span> <span class='ocrx_word' id='word_1_241' title='bbox 223 3606 403 3668; x_wconf 83' lang='lat' dir='ltr'><strong>proportionalia</strong></span> <span class='ocrx_word' id='word_1_242' title='bbox 420 3614 443 3650; x_wconf 86' lang='lat' dir='ltr'><strong>et</strong></span> <span class='ocrx_word' id='word_1_243' title='bbox 462 3606 490 3649; x_wconf 85' lang='lat' dir='ltr'><strong>ad</strong></span> <span class='ocrx_word' id='word_1_244' title='bbox 508 3619 532 3648; x_wconf 81' lang='lat' dir='ltr'><strong>se</strong></span> <span class='ocrx_word' id='word_1_245' title='bbox 550 3601 654 3648; x_wconf 87' lang='lat' dir='ltr'><strong>similiter</strong></span> 
     </span>
     <span class='ocr_line' id='line_1_31' title="bbox 153 3667 652 3733; baseline -0.016 -15"><span class='ocrx_word' id='word_1_246' title='bbox 153 3673 234 3733; x_wconf 83' lang='lat' dir='ltr'><strong>posita,</strong></span> <span class='ocrx_word' id='word_1_247' title='bbox 247 3672 339 3730; x_wconf 82' lang='lat' dir='ltr'><strong>sintque</strong></span> <span class='ocrx_word' id='word_1_248' title='bbox 355 3671 380 3725; x_wconf 88' lang='lat' dir='ltr'><strong>P,</strong></span> <span class='ocrx_word' id='word_1_249' title='bbox 393 3686 408 3728; x_wconf 89' lang='lat' dir='ltr'><strong>p</strong></span> <span class='ocrx_word' id='word_1_250' title='bbox 420 3668 537 3728; x_wconf 77' lang='lat' dir='ltr'><strong>particula·</strong></span> <span class='ocrx_word' id='word_1_251' title='bbox 554 3667 608 3712; x_wconf 90' lang='lat' dir='ltr'><strong>totis</strong></span> <span class='ocrx_word' id='word_1_252' title='bbox 621 3669 652 3721; x_wconf 88' lang='lat' dir='ltr'><strong>A,</strong></span> 
     </span>
     <span class='ocr_line' id='line_1_32' title="bbox 154 3730 653 3796; baseline -0.016 -13"><span class='ocrx_word' id='word_1_253' title='bbox 154 3753 175 3791; x_wconf 84' lang='grc' dir='ltr'><strong>ι,</strong></span> <span class='ocrx_word' id='word_1_254' title='bbox 192 3734 374 3796; x_wconf 83' lang='lat' dir='ltr'><strong>proportionales</strong></span> <span class='ocrx_word' id='word_1_255' title='bbox 393 3744 415 3779; x_wconf 88' lang='lat' dir='ltr'><strong>ct</strong></span> <span class='ocrx_word' id='word_1_256' title='bbox 432 3733 457 3777; x_wconf 93' lang='lat' dir='ltr'><strong>in</strong></span> <span class='ocrx_word' id='word_1_257' title='bbox 477 3732 532 3777; x_wconf 84' lang='lat' dir='ltr'><strong>totis</strong></span> <span class='ocrx_word' id='word_1_258' title='bbox 549 3730 653 3776; x_wconf 83' lang='lat' dir='ltr'><strong>similiter</strong></span> 
     </span>
     <span class='ocr_line' id='line_1_33' title="bbox 154 3795 653 3845; baseline -0.012 0"><span class='ocrx_word' id='word_1_259' title='bbox 154 3801 203 3845; x_wconf 81' lang='lat' dir='ltr'><strong>sitoe</strong></span> <span class='ocrx_word' id='word_1_260' title='bbox 225 3809 248 3844; x_wconf 87' lang='lat' dir='ltr'><strong>et</strong></span> <span class='ocrx_word' id='word_1_261' title='bbox 267 3798 371 3844; x_wconf 84' lang='lat' dir='ltr'><strong>attractio</strong></span> <span class='ocrx_word' id='word_1_262' title='bbox 389 3797 503 3842; x_wconf 81' lang='lat' dir='ltr'><strong>decrescat</strong></span> <span class='ocrx_word' id='word_1_263' title='bbox 523 3795 547 3840; x_wconf 94' lang='lat' dir='ltr'><strong>in</strong></span> <span class='ocrx_word' id='word_1_264' title='bbox 565 3795 653 3839; x_wconf 85' lang='lat' dir='ltr'><strong>ratione</strong></span> 
     </span>
     <span class='ocr_line' id='line_1_34' title="bbox 154 3857 652 3926; baseline -0.01 -18"><span class='ocrx_word' id='word_1_265' title='bbox 154 3862 273 3926; x_wconf 80' lang='lat' dir='ltr'><strong>dignitatis</strong></span> <span class='ocrx_word' id='word_1_266' title='bbox 285 3861 452 3910; x_wconf 77' lang='lat' dir='ltr'><strong>distantiarum,</strong></span> <span class='ocrx_word' id='word_1_267' title='bbox 464 3861 532 3920; x_wconf 82' lang='lat' dir='ltr'><strong>cujus</strong></span> <span class='ocrx_word' id='word_1_268' title='bbox 543 3858 572 3904; x_wconf 86' lang='lat' dir='ltr'><strong>sit</strong></span> <span class='ocrx_word' id='word_1_269' title='bbox 583 3857 652 3903; x_wconf 82' lang='lat' dir='ltr'><strong>index</strong></span> 
     </span>
     <span class='ocr_line' id='line_1_35' title="bbox 154 3922 652 3983; baseline -0.012 -11"><span class='ocrx_word' id='word_1_270' title='bbox 154 3942 184 3983; x_wconf 86' lang='lat' dir='ltr'><strong>n;</strong></span> <span class='ocrx_word' id='word_1_271' title='bbox 202 3927 244 3973; x_wconf 86' lang='lat' dir='ltr'><strong>erit</strong></span> <span class='ocrx_word' id='word_1_272' title='bbox 255 3925 360 3972; x_wconf 79' lang='lat' dir='ltr'><strong>attractio</strong></span> <span class='ocrx_word' id='word_1_273' title='bbox 371 3923 500 3982; x_wconf 86' lang='lat' dir='ltr'><strong>corpusculi</strong></span> <span class='ocrx_word' id='word_1_274' title='bbox 515 3923 534 3968; x_wconf 93' lang='lat' dir='ltr'>C</span> <span class='ocrx_word' id='word_1_275' title='bbox 547 3923 571 3966; x_wconf 92' lang='lat' dir='ltr'><strong>in</strong></span> <span class='ocrx_word' id='word_1_276' title='bbox 582 3922 652 3980; x_wconf 86' lang='lat' dir='ltr'><strong>parti-</strong></span> 
     </span>
     <span class='ocr_line' id='line_1_36' title="bbox 154 3985 652 4044; baseline -0.012 -7"><span class='ocrx_word' id='word_1_277' title='bbox 154 3991 230 4037; x_wconf 88' lang='lat' dir='ltr'><strong>culam</strong></span> <span class='ocrx_word' id='word_1_278' title='bbox 245 3989 305 4036; x_wconf 81' lang='lat' dir='ltr'><strong>I&#39;ad</strong></span> <span class='ocrx_word' id='word_1_279' title='bbox 322 3988 480 4034; x_wconf 79' lang='lat' dir='ltr'><strong>attractionem</strong></span> <span class='ocrx_word' id='word_1_280' title='bbox 498 3985 652 4044; x_wconf 82' lang='lat' dir='ltr'><strong>corpusculic</strong></span> 
     </span>
     <span class='ocr_line' id='line_1_37' title="bbox 154 4050 649 4115; baseline -0.014 -15"><span class='ocrx_word' id='word_1_281' title='bbox 154 4055 177 4100; x_wconf 89' lang='lat' dir='ltr'><strong>in</strong></span> <span class='ocrx_word' id='word_1_282' title='bbox 188 4053 325 4115; x_wconf 85' lang='lat' dir='ltr'><strong>particulam</strong></span> <span class='ocrx_word' id='word_1_283' title='bbox 338 4069 358 4110; x_wconf 81' lang='lat' dir='ltr'><strong>p.</strong></span> <span class='ocrx_word' id='word_1_284' title='bbox 371 4064 398 4096; x_wconf 88' lang='lat' dir='ltr'><strong>ut</strong></span> <span class='ocrx_word' id='word_1_285' title='bbox 411 4053 430 4097; x_wconf 82' lang='grc' dir='ltr'><strong><em>Ρ</em></strong></span> <span class='ocrx_word' id='word_1_286' title='bbox 443 4058 467 4106; x_wconf 84' lang='grc' dir='ltr'>χ</span> <span class='ocrx_word' id='word_1_287' title='bbox 482 4051 548 4108; x_wconf 78' lang='lat' dir='ltr'><strong>pc”,</strong></span> <span class='ocrx_word' id='word_1_288' title='bbox 561 4050 589 4094; x_wconf 79' lang='lat' dir='ltr'><strong>acl</strong></span> <span class='ocrx_word' id='word_1_289' title='bbox 602 4057 649 4107; x_wconf 76' lang='lat' dir='ltr'><strong>px</strong></span> 
     </span>
     <span class='ocr_line' id='line_1_38' title="bbox 157 4115 652 4172; baseline -0.02 -6"><span class='ocrx_word' id='word_1_290' title='bbox 157 4119 243 4165; x_wconf 59' lang='grc' dir='ltr'><strong>ΡΝ.</strong></span> <span class='ocrx_word' id='word_1_291' title='bbox 282 4115 352 4164; x_wconf 71' lang='lat' dir='ltr'><strong>Unda</strong></span> <span class='ocrx_word' id='word_1_292' title='bbox 369 4116 387 4160; x_wconf 85' lang='lat' dir='ltr'><strong>si</strong></span> <span class='ocrx_word' id='word_1_293' title='bbox 406 4130 501 4172; x_wconf 84' lang='lat' dir='ltr'><strong>corpora</strong></span> <span class='ocrx_word' id='word_1_294' title='bbox 520 4117 539 4159; x_wconf 90' lang='lat' dir='ltr'>A</span> <span class='ocrx_word' id='word_1_295' title='bbox 558 4115 652 4158; x_wconf 81' lang='lat' dir='ltr'><strong>atain</strong></span> 
     </span>
     <span class='ocr_line' id='line_1_39' title="bbox 155 4176 653 4241; baseline -0.018 -12"><span class='ocrx_word' id='word_1_296' title='bbox 155 4181 278 4241; x_wconf 79' lang='lat' dir='ltr'><strong>particulas</strong></span> <span class='ocrx_word' id='word_1_297' title='bbox 294 4181 427 4225; x_wconf 88' lang='lat' dir='ltr'><strong>innumeras</strong></span> <span class='ocrx_word' id='word_1_298' title='bbox 443 4189 469 4223; x_wconf 89' lang='lat' dir='ltr'><strong>ut</strong></span> <span class='ocrx_word' id='word_1_299' title='bbox 488 4178 541 4222; x_wconf 89' lang='lat' dir='ltr'><strong>Pet</strong></span> <span class='ocrx_word' id='word_1_300' title='bbox 553 4193 568 4235; x_wconf 92' lang='lat' dir='ltr'><strong>p</strong></span> <span class='ocrx_word' id='word_1_301' title='bbox 582 4176 653 4221; x_wconf 76' lang='lat' dir='ltr'><strong>divisa</strong></span> 
     </span>
     <span class='ocr_line' id='line_1_40' title="bbox 155 4239 652 4307; baseline -0.016 -15"><span class='ocrx_word' id='word_1_302' title='bbox 155 4246 321 4307; x_wconf 83' lang='lat' dir='ltr'><strong>intelligantur,</strong></span> <span class='ocrx_word' id='word_1_303' title='bbox 333 4244 382 4296; x_wconf 82' lang='lat' dir='ltr'><strong>erit,</strong></span> <span class='ocrx_word' id='word_1_304' title='bbox 394 4239 561 4301; x_wconf 87' lang='lat' dir='ltr'><strong>componendo,</strong></span> <span class='ocrx_word' id='word_1_305' title='bbox 571 4250 652 4285; x_wconf 81' lang='lat' dir='ltr'><strong>attrac-</strong></span> 
     </span>
     <span class='ocr_line' id='line_1_41' title="bbox 155 4304 651 4369; baseline -0.014 -14"><span class='ocrx_word' id='word_1_306' title='bbox 155 4311 186 4355; x_wconf 87' lang='lat' dir='ltr'><strong>tio</strong></span> <span class='ocrx_word' id='word_1_307' title='bbox 197 4308 328 4369; x_wconf 83' lang='lat' dir='ltr'><strong>corpusculi</strong></span> <span class='ocrx_word' id='word_1_308' title='bbox 343 4309 361 4353; x_wconf 87' lang='lat' dir='ltr'><strong>C</strong></span> <span class='ocrx_word' id='word_1_309' title='bbox 374 4307 398 4352; x_wconf 93' lang='lat' dir='ltr'><strong>in</strong></span> <span class='ocrx_word' id='word_1_310' title='bbox 410 4316 485 4351; x_wconf 90' lang='lat' dir='ltr'><strong>toturn</strong></span> <span class='ocrx_word' id='word_1_311' title='bbox 494 4320 577 4364; x_wconf 88' lang='lat' dir='ltr'><strong>corpus</strong></span> <span class='ocrx_word' id='word_1_312' title='bbox 591 4307 611 4348; x_wconf 87' lang='lat' dir='ltr'>A</span> <span class='ocrx_word' id='word_1_313' title='bbox 622 4304 651 4348; x_wconf 90' lang='lat' dir='ltr'><strong>ad</strong></span> 
     </span>
     <span class='ocr_line' id='line_1_42' title="bbox 154 4369 651 4430; baseline -0.014 -11"><span class='ocrx_word' id='word_1_314' title='bbox 154 4376 312 4420; x_wconf 85' lang='lat' dir='ltr'><strong>attmctionern</strong></span> <span class='ocrx_word' id='word_1_315' title='bbox 334 4370 463 4430; x_wconf 85' lang='lat' dir='ltr'><strong>corpusculi</strong></span> <span class='ocrx_word' id='word_1_316' title='bbox 485 4384 498 4415; x_wconf 92' lang='lat' dir='ltr'><strong>c</strong></span> <span class='ocrx_word' id='word_1_317' title='bbox 525 4369 548 4414; x_wconf 94' lang='lat' dir='ltr'><strong>in</strong></span> <span class='ocrx_word' id='word_1_318' title='bbox 578 4377 651 4413; x_wconf 89' lang='lat' dir='ltr'><strong>totum</strong></span> 
     </span>
     <span class='ocr_line' id='line_1_43' title="bbox 153 4432 650 4497; baseline -0.012 -15"><span class='ocrx_word' id='word_1_319' title='bbox 153 4435 377 4497; x_wconf 68' lang='lat' dir='ltr'><strong>corprrsautl‘x</strong></span> <span class='ocrx_word' id='word_1_320' title='bbox 392 4432 650 4494; x_wconf 81' lang='lat' dir='ltr'><strong>pc¹¹adp&gt;&lt;PC¹¹‚</strong></span> 
     </span>
     <span class='ocr_line' id='line_1_44' title="bbox 153 4495 651 4562; baseline -0.012 -15"><span class='ocrx_word' id='word_1_321' title='bbox 153 4502 213 4562; x_wconf 84' lang='lat' dir='ltr'><strong>quod</strong></span> <span class='ocrx_word' id='word_1_322' title='bbox 226 4500 345 4560; x_wconf 80' lang='lat' dir='ltr'><strong>particuirc</strong></span> <span class='ocrx_word' id='word_1_323' title='bbox 357 4514 438 4544; x_wconf 85' lang='lat' dir='ltr'><strong>ornnes</strong></span> <span class='ocrx_word' id='word_1_324' title='bbox 452 4498 478 4551; x_wconf 86' lang='lat' dir='ltr'><strong>P,</strong></span> <span class='ocrx_word' id='word_1_325' title='bbox 488 4513 502 4553; x_wconf 90' lang='lat' dir='ltr'><strong>p</strong></span> <span class='ocrx_word' id='word_1_326' title='bbox 512 4498 556 4542; x_wconf 86' lang='lat' dir='ltr'><strong>sint</strong></span> <span class='ocrx_word' id='word_1_327' title='bbox 565 4495 651 4556; x_wconf 83' lang='lat' dir='ltr'><strong>ubique</strong></span> 
     </span>
     <span class='ocr_line' id='line_1_45' title="bbox 154 4562 652 4613; baseline -0.008 -4"><span class='ocrx_word' id='word_1_328' title='bbox 154 4567 205 4610; x_wconf 82' lang='lat' dir='ltr'><strong>totis</strong></span> <span class='ocrx_word' id='word_1_329' title='bbox 217 4566 303 4610; x_wconf 72' lang='lat' dir='ltr'><strong>similes</strong></span> <span class='ocrx_word' id='word_1_330' title='bbox 314 4564 372 4609; x_wconf 89' lang='lat' dir='ltr'><strong>etin</strong></span> <span class='ocrx_word' id='word_1_331' title='bbox 390 4562 417 4606; x_wconf 82' lang='lat' dir='ltr'><strong>iis</strong></span> <span class='ocrx_word' id='word_1_332' title='bbox 434 4563 538 4606; x_wconf 84' lang='lat' dir='ltr'><strong>similiter</strong></span> <span class='ocrx_word' id='word_1_333' title='bbox 555 4562 611 4613; x_wconf 75' lang='lat' dir='ltr'><strong>sita,</strong></span> <span class='ocrx_word' id='word_1_334' title='bbox 628 4569 652 4605; x_wconf 83' lang='lat' dir='ltr'><strong>ct</strong></span> 
     </span>
     <span class='ocr_line' id='line_1_46' title="bbox 154 4626 650 4683; baseline -0.014 -10"><span class='ocrx_word' id='word_1_335' title='bbox 154 4630 267 4675; x_wconf 66' lang='lat' dir='ltr'><strong>‹ti-ranna·</strong></span> <span class='ocrx_word' id='word_1_336' title='bbox 275 4644 354 4674; x_wconf 85' lang='lat' dir='ltr'><strong>eartrnt</strong></span> <span class='ocrx_word' id='word_1_337' title='bbox 364 4626 524 4683; x_wconf 81' lang='lat' dir='ltr'><strong>acorpuscnlis</strong></span> <span class='ocrx_word' id='word_1_338' title='bbox 534 4626 560 4677; x_wconf 71' lang='grc' dir='ltr'><strong>Γ,</strong></span> <span class='ocrx_word' id='word_1_339' title='bbox 570 4640 582 4669; x_wconf 94' lang='lat' dir='ltr'><strong>c</strong></span> <span class='ocrx_word' id='word_1_340' title='bbox 591 4640 650 4668; x_wconf 80' lang='lat' dir='ltr'><strong>sern-</strong></span> 
     </span>
     <span class='ocr_line' id='line_1_47' title="bbox 155 4687 651 4751; baseline -0.012 -14"><span class='ocrx_word' id='word_1_341' title='bbox 155 4709 192 4750; x_wconf 85' lang='lat' dir='ltr'><strong>per</strong></span> <span class='ocrx_word' id='word_1_342' title='bbox 211 4702 320 4739; x_wconf 84' lang='lat' dir='ltr'><strong>ruancant</strong></span> <span class='ocrx_word' id='word_1_343' title='bbox 340 4688 519 4751; x_wconf 85' lang='lat' dir='ltr'><strong>proportionales</strong></span> <span class='ocrx_word' id='word_1_344' title='bbox 539 4687 651 4734; x_wconf 80' lang='lat' dir='ltr'><strong>distantiis</strong></span> 
     </span>
    </p>
   </div>
   <div class='ocr_carea' id='block_1_8' title="bbox 0 0 1606 5446">
    <p class='ocr_par' dir='ltr' id='par_1_10' title="bbox 0 0 1606 5446">
     <span class='ocr_line' id='line_1_48' title="bbox 0 0 1606 5446; baseline 0 0"><span class='ocrx_word' id='word_1_345' title='bbox 0 0 1606 5446; x_wconf 95' lang='lat' dir='ltr'><strong> </strong></span> 
     </span>
    </p>
   </div>
  </div>
 </body>
</html>
