3202 5446
148 445 168 501 6
471 427 812 497 PHILOSOPHIAE
828 424 1101 493 NATURALIS
1256 424 1437 505 [Daunus.

148 611 220 688 vini,
237 609 297 697 qni
313 632 426 694 corpus
442 609 474 672 in
490 609 564 674 dato
579 609 687 695 quovis
703 608 779 672 orbe
794 606 865 672 dati
882 630 953 670 cum
967 607 1129 670 velocitate
1144 605 1287 671 accurati
1309 607 1438 672 retineri

147 723 269 808 possit3
288 735 321 785 et
336 720 471 784 vicissim
493 720 633 783 invenire
659 720 740 782 viam
765 717 975 794 curvilineam,
1000 718 1033 779 in
1059 738 1153 802 quarn
1178 738 1291 803 corpus
1318 739 1336 781 e
1363 715 1439 781 dato

148 832 256 920 quovis
271 830 341 893 loco
356 828 427 892 dati
443 850 515 891 cum
531 827 692 892 velocitate
707 848 864 913 egressum
880 849 898 889 a
913 824 985 889 dati
1005 825 1036 887 vi
1057 824 1207 889 flectatur.
1253 825 1312 890 Est
1334 838 1440 894 autem

148 942 193 1005 vis
209 941 300 1026 hujus
316 940 498 1025 centripetae
513 938 668 1025 quantitas
691 936 784 1000 trium
807 957 967 1023 generum,
985 934 1144 1013 absoluta,
1172 935 1385 1014 acceleratrix,
1408 948 1440 1000 et

149 1051 274 1116 matrix,

600 1197 848 1266 nnnmmo
871 1198 930 1262 vt.
955 1198 994 1284 (ε)

155 1358 207 1422 Vis
222 1358 395 1438 centripetae
410 1357 566 1439 quantitas
579 1355 715 1418 &solata
732 1363 775 1416 est
788 1374 924 1414 mensura
940 1351 1065 1435 ejusden
1087 1350 1184 1436 major
1205 1354 1252 1416 uel
1271 1353 1373 1416 minor
1379 1376 1440 1438 pra

237 1469 371 1555 qfficacia
386 1487 483 1529 causae
497 1488 562 1529 eam
571 1465 776 1548 propagantis
791 1485 810 1524 a
826 1472 926 1524 centro
936 1483 996 1544 per
1009 1463 1144 1545 regiones
1159 1463 1192 1524 irs
1206 1463 1342 1526 circtdtu.

195 1620 243 1686 Ut
256 1621 302 1682 vis
318 1618 492 1706 magnetica
505 1640 565 1703 pro
579 1616 661 1681 mole
676 1616 829 1704 magnetis
839 1615 890 1679 vel
904 1613 1079 1678 intensione
1088 1613 1209 1677 virtutis
1219 1615 1320 1699 major
1332 1614 1367 1678 in
1378 1637 1441 1679 nno

151 1743 305 1818 magnete,
321 1730 424 1792 minor
438 1729 471 1791 in
486 1729 557 1793 alio.

594 1900 844 1968 DEFINITIO
869 1899 945 1963 vlt.
963 1897 1002 1984 (h)

156 2058 208 2122 Vis
222 2059 395 2140 centrr'peta’
409 2058 566 2139 quantitas
581 2054 780 2115 acceleratria
803 2061 846 2114 est
869 2053 963 2133 r'qisius
982 2071 1118 2113 mensura
1143 2052 1294 2115 velocitati
1310 2073 1445 2135 propor-

507 2162 641 2236 tionalis,
660 2181 748 2243 quam
764 2161 838 2221 dato
853 2168 984 2241 tempore
993 2167 1129 2242 generat.

197 2311 252 2375 Uti
269 2311 367 2372 virtus
383 2308 538 2394 magnetis
554 2306 692 2392 ejusdem
707 2309 808 2392 major
822 2308 855 2370 in
883 2307 997 2370 minori
1020 2307 1176 2384 distantia,
1200 2307 1303 2372 minor
1322 2308 1358 2372 in
1379 2330 1447 2373 ma·

147 2420 230 2505 jori:
255 2419 304 2483 vel
319 2419 364 2482 vis
379 2419 537 2505 gravitans
553 2418 653 2501 major
675 2417 708 2479 in
730 2416 869 2494 vallibus,
893 2416 996 2479 minor
1019 2417 1051 2478 in
1078 2416 1288 2480 cacuminibus
1311 2416 1448 2481 altorum

153 2529 316 2603 montium,
333 2540 425 2613 atque
441 2525 544 2589 adhuc
559 2527 663 2588 minor
680 2531 730 2608 (ut
744 2524 875 2609 posthac
889 2524 1020 2608 patebit)
1044 2525 1076 2587 in
1099 2524 1268 2609 majoribus
1292 2524 1449 2591 distantiis

153 2665 173 2703 a
186 2639 282 2727 globo
297 2652 389 2702 terra
400 2662 409 2713 ;
432 2638 465 2700 in
480 2635 652 2720 aequalibus
673 2648 777 2699 autem
800 2635 954 2698 distantiis
977 2633 1086 2698 eadem
1110 2633 1258 2719 undique,
1280 2648 1451 2720 propterea

153 2804 268 2865 attingat;
286 2801 370 2850 deindl
381 2800 441 2850 circi
457 2817 508 2849 eam
525 2801 661 2858 revolvatur,
678 2801 785 2849 tandem-
817 2802 925 2850 centralis
935 2819 976 2850 seu
988 2803 1021 2850 ris
1032 2804 1139 2850 centralis
1149 2804 1265 2866 quantitas
1274 2806 1390 2865 absolun,
1406 2807 1452 2856 etit

155 2885 201 2930 quo
213 2868 236 2914 in
253 2867 371 2915 infinitum
389 2869 462 2914 abeat.
501 2867 535 2913 Ut
554 2866 625 2928 igitur
643 2881 728 2926 eorpus
744 2883 786 2927 per
817 2868 996 2928 proportionalis
1006 2868 1130 2914 intensioni
1142 2868 1177 2913 vis
1187 2869 1211 2914 iu
1222 2869 1453 2931 singuiiseletnentis

156 2943 242 2979 rectam
256 2933 278 2979 E
293 2932 320 2988 F,
333 2931 386 2978 datie
404 2931 523 2977 velocitate
539 2931 673 2992 projectum,
691 2946 785 2976 curvam
817 2933 952 2988 existentis3
969 2948 1041 2994 quare
1052 2932 1193 2979 variantibus
1203 2933 1278 2980 massi
1289 2945 1313 2981 et
1328 2935 1352 2982 vi
1368 2936 1452 3001 singu-

156 2997 234 3044 datam
249 2997 270 3043 E
284 2998 310 3051 Q
324 2995 444 3052 describat,
462 3005 525 3043 certa
542 3010 568 3041 ac
586 2994 738 3040 detenninata
754 2995 787 3040 vis
819 2995 897 3042 lorum
908 2996 1083 3050 elementorum,
1102 2997 1136 3043 ris
1151 2996 1259 3044 centralis
1274 3001 1394 3060 quantitas
1409 3003 1452 3049 ab·

157 3061 284 3121 centupeta
300 3059 441 3121 requiritur;
458 3069 481 3106 et
498 3057 684 3112 viceversl,dati
703 3058 787 3105 veloci-
819 3059 895 3106 soluta
905 3061 980 3107 eritin
992 3061 1080 3108 ratione
1094 3061 1220 3121 compositi
1236 3076 1318 3108 muse
1333 3074 1358 3110 ct
1373 3064 1453 3114 inten-

158 3134 205 3172 tate
216 3124 347 3171 secundum
358 3135 444 3170 rectam
457 3124 479 3170 E
491 3138 505 3169 e
515 3138 556 3168 seu
570 3122 593 3168 E
607 3122 634 3175 F,
653 3133 677 3169 et
694 3123 716 3168 ri
734 3137 790 3169 cen·
821 3124 891 3170 rioms
901 3125 936 3170 vis
947 3125 971 3171 in
982 3124 1080 3188 singulis
1091 3125 1210 3172 elementis
1220 3125 1356 3188 aequalibus.

158 3189 241 3249 tripeti
263 3188 333 3234 ctiam
356 3187 417 3239 dati,
443 3202 528 3247 corpus
549 3186 641 3232 nonnisi
659 3197 744 3233 certam
762 3202 790 3233 ac
854 3188 891 3251 (l)
905 3194 942 3236 to.
958 3189 983 3236 Si
994 3189 1028 3235 vis
1037 3190 1145 3237 canualis
1156 3204 1203 3236 non
1214 3190 1314 3250 amplius
1325 3191 1350 3236 in
1362 3203 1453 3253 mano,

159 3254 335 3300 determinatam
352 3266 447 3298 cumam
468 3251 491 3299 Ε
511 3253 536 3306 Q
553 3259 628 3309 potest
647 3248 789 3308 descnbere3
822 3251 895 3298 sedin
903 3252 1161 3315 quicumqucacentro
1168 3253 1276 3300 dsuntii
1283 3255 1452 3315 consideretur,

162 3328 186 3365 et
203 3316 419 3364 mathematicorum
435 3325 470 3361 est
487 3330 515 3361 ea
535 3314 594 3361 datis
612 3314 731 3360 velocitate
750 3330 791 3374 per
822 3331 946 3375 munius
958 3318 982 3363 in
993 3318 1062 3364 variis
1072 3318 1119 3365 illis
1129 3329 1234 3365 acentro
1244 3317 1360 3366 distantiis
1370 3337 1453 3383 super.

160 3392 295 3444 tangentem
309 3381 331 3426 E
346 3380 399 3426 Fet
410 3379 479 3425 curvis
491 3379 514 3426 E
528 3379 632 3439 Qquam
643 3392 727 3437 corpus
738 3377 789 3425 des-
822 3380 886 3426 ficies
896 3382 1018 3440 sphnricas
1037 3382 1126 3445 tingere
1136 3397 1235 3444 quarum
1253 3396 1382 3432 commune
1396 3402 1454 3434 ceo-

161 3447 235 3498 cribit.
248 3444 351 3491 invenire
362 3444 408 3489 vim
425 3443 582 3503 centripetam,
599 3441 646 3503 qni
656 3458 670 3487 a
680 3452 790 3503 tangente
820 3453 883 3490 trum
894 3446 923 3490 sit
935 3446 965 3502 T,
977 3456 1000 3492 ct
1011 3447 1044 3492 vis
1054 3447 1162 3494 centralis
1178 3446 1202 3492 in
1219 3446 1264 3492 illis
1279 3445 1396 3496 distantiis
1411 3467 1454 3501 sau

162 3511 287 3557 retrahitur
297 3518 320 3554 et
331 3509 355 3554 in
366 3506 441 3554 orbiti
451 3507 493 3554 sut
505 3508 623 3560 retinetur,
641 3515 664 3551 et
677 3506 792 3566 reciproce
823 3509 988 3567 superficiebus
1009 3511 1126 3570 spbaricis
1147 3510 1296 3564 considerata,
1315 3511 1404 3561 dicitur
1421 3516 1457 3565 ris

162 3590 191 3622 ex
203 3574 257 3621 dati
268 3573 387 3619 velocitate
398 3581 612 3633 pertangentemet
622 3570 644 3615 ri
655 3571 790 3630 centripeti,
822 3570 975 3620 sccelcrstris.
1020 3574 1089 3622 illius
1105 3585 1185 3623 autem
1203 3573 1319 3635 quantitas
1336 3578 1382 3625 en't
1400 3595 1455 3640 pto·

163 3654 258 3685 curram
269 3637 387 3693 invenire;
405 3651 458 3713 qua
468 3635 518 3683 duo
535 3635 665 3682 Neritonus
680 3634 739 3680 miri
755 3650 790 3681 sa-
822 3635 957 3695 portionalis
978 3637 1089 3686 celeritati
1105 3654 1176 3703 quam
1198 3638 1253 3685 dato
1270 3654 1311 3686 seu
1331 3654 1455 3693 constanta

162 3703 263 3766 gasitan
274 3711 297 3748 et
307 3699 422 3762 elegantia
432 3699 535 3760 perfecit.
823 3710 925 3760 tempore
936 3702 960 3748 iu
971 3703 1069 3765 siugulis
1084 3704 1188 3752 materia
1203 3702 1324 3750 elementis
1340 3720 1355 3752 s
1373 3718 1456 3757 oentm

196 3767 231 3830 (⁸)
251 3771 286 3813 ta
308 3765 429 3811 lucentio
441 3764 464 3810 T
475 3764 571 3810 extem
581 3772 726 3822 supponatur
741 3778 791 3810 cor·
824 3765 1023 3824 aequidistantibus
1038 3768 1166 3827 producet;
1183 3782 1239 3814 natu
1255 3767 1274 3813 si
1291 3783 1456 3828 supponamus

162 3846 213 3892 pus,
221 3847 249 3877 cs
257 3842 426 3893 quoperomne
433 3828 532 3888 spatium
540 3826 684 3873 diffundatur
692 3827 732 3882 sir,
739 3842 792 3889 qun
824 3827 870 3872 rint
882 3827 945 3875 illam
956 3842 1099 3879 constantem
1111 3832 1135 3878 in
1147 3832 1262 3879 elementa
1277 3832 1381 3880 materiis
1397 3851 1457 3883 eon.

159 3900 228 3959 Juxta
238 3894 387 3942 &senionem
395 3891 512 3938 radiorum
523 3893 545 3937 A
555 3891 584 3946 T,
597 3891 618 3937 E
629 3890 657 3944 T,
668 3890 731 3942 HT.
742 3906 792 3937 ver·
824 3889 891 3938 tinuei
902 3909 977 3955 agere,
989 3910 1017 3941 eo
1027 3898 1101 3957 major
1112 3899 1156 3944 erit
1166 3912 1213 3958 quo
1223 3897 1297 3958 majos
1313 3897 1357 3943 erit
1367 3899 1456 3948 veloci.

162 3959 202 4006 ads
209 3969 323 4013 centrum,
335 3965 376 4003 aut
384 3971 398 4002 a
406 3965 486 4002 centro
495 3954 573 4002 renus
581 3954 654 4014 spatia
662 3955 792 4014 circumpo-
824 3965 859 4004 tas
869 3956 924 4003 dato
934 3968 1037 4018 ternpore
1047 3960 1134 4021 genita,
1146 3961 1179 4007 ita
1187 3960 1244 4007 utsi
1255 3971 1359 4020 tempore
1367 3964 1455 4026 aquati

162 4021 439 4087 sits,juatidirectionem
447 4019 572 4072 radiorum,
582 4019 604 4065 T
613 4018 675 4072 Λ.Τ
686 4018 715 4072 Ε,
725 4019 747 4065 T
756 4019 791 4072 H,
824 4018 897 4079 dupla
907 4032 1032 4082 generetur
1042 4024 1157 4081 velocitas,
1169 4024 1241 4085 dupla
1256 4040 1349 4086 quoque
1368 4027 1399 4074 sit
1409 4030 1454 4087 sia,
1477 4012 1486 4031 ⁰

163 4099 235 4151 agst;
252 4088 277 4134 in
291 4085 325 4133 10.
339 4100 393 4131 casu
410 4084 444 4129 sis
459 4083 500 4130 ills
515 4082 648 4142 centripeta,
667 4082 691 4127 in
702 4081 739 4128 90.
758 4083 792 4129 ris
823 4098 878 4130 cum
894 4084 1002 4132 sclodtas
1016 4086 1057 4134 ills
1072 4089 1102 4134 sit
1118 4088 1181 4135 illius
1196 4089 1230 4134 ris
1245 4089 1342 4135 effectus
1357 4091 1451 4151 plenus.

163 4152 303 4213 centrifugs,
314 4149 339 4195 in
350 4159 449 4210 utroque
461 4148 495 4193 via
506 4147 613 4193 centralis
624 4145 716 4192 dicitnr.
827 4146 852 4194 Si
863 4158 970 4194 constans
985 4162 1077 4197 maneat
1096 4153 1200 4200 celeritas
1218 4169 1233 4199 a
1250 4154 1273 4198 ri
1292 4153 1456 4207 acceleratrioe

199 4215 339 4263 Haesisin
351 4223 430 4259 oentro
440 4211 583 4257 considerata
594 4209 682 4269 duplici
698 4225 793 4269 praser-
825 4212 912 4273 genita,
924 4213 1012 4258 antris
1029 4215 1052 4260 in
1070 4217 1159 4264 ratione
1173 4217 1263 4263 inversi
1278 4219 1390 4279 temporis
1421 4238 1456 4271 uo

165 4280 208 4327 tim
220 4279 308 4326 ratione
319 4277 405 4324 variare
416 4285 491 4351 potest
497 4293 507 4350 3
527 4275 551 4350 §i
562 4273 625 4350 enirn
637 4288 721 4333 corpus
730 4274 794 4349 quod
826 4274 931 4321 celeritas
941 4276 982 4322 illa
992 4278 1133 4337 producitur,
1147 4280 1231 4327 namsi
1249 4281 1330 4328 eadem
1347 4284 1456 4335 celeritas

164 4348 686 4467 {ilmffiiiii'iiiiigiissi’ii'ii
696 4337 794 4463 tigit
824 4340 1455 4462 Tttttttttttitittfuttitttt

165 4473 284 4521 elementis
295 4470 390 4533 aqualis
405 4468 555 4532 ejusdemque
571 4475 702 4512 constanter
717 4465 793 4511 inten-
825 4481 870 4525 pus
878 4467 972 4523 variam,
982 4468 1025 4516 etit
1034 4471 1067 4516 vis
1074 4471 1218 4518 acceleratria
1228 4471 1252 4518 in
1261 4475 1350 4522 ratione
1358 4492 1457 4540 compo.

166 4537 252 4594 aionis;
269 4537 303 4581 sis
313 4535 384 4581 totius
394 4532 495 4593 corporis
505 4529 619 4586 centralis,
636 4544 677 4575 seu
694 4529 727 4574 vis
738 4544 792 4574 cen-
824 4529 867 4575 aitis
878 4529 1000 4577 esdirecti
1011 4534 1132 4581 celeritatis
1142 4534 1258 4595 geuitnet
1266 4539 1382 4598 reciproci
1393 4553 1455 4590 tans.

167 4602 231 4651 tralis
241 4599 357 4663 quantitas
367 4598 478 4650 absoluta,
495 4596 539 4642 erit
548 4609 630 4641 massa
641 4609 681 4639 seu
693 4608 792 4638 summa
823 4594 892 4652 poris.
913 4594 937 4640 Si
946 4595 1017 4656 igitur
1023 4598 1056 4643 via
1063 4599 1206 4644 acceleratus
1215 4599 1310 4656 dicatur,
1322 4605 1359 4659 G3
1372 4605 1455 4655 celeri.

168 4668 335 4715 elementorum
357 4660 539 4722 proportionalia
587 4661 622 4705 As
643 4657 661 4702 si
683 4666 792 4703 manente
823 4667 858 4702 tas
864 4656 1020 4717 productaC3
1032 4671 1176 4721 tempusque
1183 4662 1326 4720 producitur,
1336 4668 1366 4724 T,
1375 4670 1454 4720 eristi

168 4722 569 4788 etdemoorporisoenualismaaet,
588 4721 622 4767 vis
637 4734 728 4780 semper
743 4735 793 4766 ms·
824 4721 911 4767 =Cr
927 4722 956 4778 Τ,
973 4735 996 4770 st
1010 4725 1032 4771 G
1046 4725 1113 4771 T=
1128 4726 1155 4780 C,
1172 4727 1326 4778 esT=c=
1343 4733 1375 4780 G.
1410 4735 1456 4783 Li.

169 4811 228 4844 nrns
300 4792 344 4841 alis
363 4791 387 4837 in
410 4788 509 4850 singulis
527 4786 648 4834 elementis
666 4783 795 4858 equalibus
826 4794 863 4829 cet
873 4795 951 4857 quum
967 4787 1039 4834 variet
1055 4788 1089 4832 vis
1104 4787 1257 4847 acceleratus,
1275 4794 1356 4841 eadem
1374 4809 1454 4848 imp„

167 4860 266 4909 intensis
290 4869 376 4907 caesus
386 4855 423 4903 sel
441 4853 566 4909 dumi,
582 4851 617 4897 vis
633 4859 682 4898 tota
694 4862 795 4909 corporis
825 4857 861 4894 cst
876 4848 939 4896 tilius
954 4864 1071 4908 masura,
1089 4850 1161 4899 arodi
1178 4855 1281 4904 celeritas
1299 4873 1396 4909 men.
1412 4880 1455 4914 ,ω
