3188 5444
162 486 224 543 554
470 486 814 553 PHILOSOPHIAE
836 487 1111 555 NATURALIS
1156 487 1270 568 [Mor.
1288 487 1435 553 corros

145 659 235 724 lluidi
249 660 460 745 cujuscunque
477 658 510 722 G
521 658 556 722 H
568 658 594 736 Ι,
612 657 696 743 quod
712 658 849 744 undique
857 659 1010 742 premitur
1022 659 1195 745 aeqnnliter,
1210 671 1318 743 partes
1333 680 1437 723 omnes

147 790 180 832 so
195 764 304 830 mutub
319 779 466 850 premunt
480 765 651 851 aequuliter,
668 779 699 829 et
714 766 878 852 quiescunt
892 767 973 829 inter
989 789 1032 831 se.
1079 765 1121 842 Q.
1138 789 1165 829 e.
1182 766 1214 829 d.

192 878 260 940 Cas.
277 885 307 941 6.
353 876 455 963 Igitur
469 876 495 938 si
508 874 640 939 fluidum
656 874 734 939 illud
747 875 780 938 in
789 897 861 938 vase
876 897 941 937 non
950 875 1054 962 rigido
1069 874 1242 952 claudatur,
1260 887 1293 938 et
1303 873 1436 958 undique

147 1009 211 1049 non
226 1001 386 1071 prematur
399 986 576 1073 aequaliter3
600 985 689 1050 cedet
710 985 794 1049 idem
815 985 968 1070 pressioni
983 984 1113 1061 fortiori,
1137 1007 1195 1068 per
1211 982 1436 1049 Definitionem

150 1093 337 1159 Fluiditctis.

192 1206 262 1270 cas.
279 1212 308 1273 7.
354 1203 494 1289 Ideoque
508 1203 541 1265 in
557 1224 628 1266 vase
643 1200 746 1288 rigido
760 1200 891 1263 fluidum
905 1222 970 1264 non
985 1199 1149 1264 sustinebit
1169 1197 1366 1283 pressionem
1380 1195 1435 1259 for-

153 1311 265 1375 tiorem
287 1333 327 1375 ex
348 1333 412 1373 uno
427 1308 523 1372 latere
538 1305 632 1394 quim
647 1329 687 1370 ex
701 1306 773 1383 elio,
797 1305 853 1370 sed
867 1305 969 1369 eidem
984 1305 1084 1383 cedet,
1109 1304 1203 1390 idque
1224 1304 1260 1366 in
1282 1314 1435 1366 momento

150 1419 308 1503 temporis,
335 1419 408 1501 quio
422 1417 502 1481 latus
526 1415 605 1479 vasis
627 1414 764 1502 rigidum
785 1436 850 1478 non
871 1415 1066 1500 persequitur
1092 1414 1245 1501 liquorem
1269 1412 1434 1476 cedentem

151 1524 302 1591 Cedendo
317 1536 420 1588 eutem
436 1523 560 1611 urgebit
574 1521 655 1586 latus
677 1522 866 1606 oppositum,
888 1533 921 1584 et
934 1522 978 1584 sic
990 1521 1111 1604 pressio
1126 1520 1267 1606 undique
1281 1519 1325 1582 ed
1341 1540 1435 1604 aeque·

148 1630 268 1694 litatem
283 1643 398 1717 verget.
446 1629 488 1693 Et
503 1628 651 1713 quonium
665 1627 806 1703 fluidum,
824 1624 917 1712 qudm
932 1627 1068 1711 primum
1083 1650 1102 1689 a
1116 1639 1204 1711 parte
1220 1624 1323 1712 magis
1338 1622 1434 1709 pressi

149 1739 294 1804 recedere
309 1751 448 1816 conetur,
465 1737 622 1801 inhibetur
637 1759 694 1821 per
709 1737 913 1800 resistentium
927 1737 1007 1799 vasis
1023 1735 1064 1800 ad
1078 1736 1159 1800 lntus
1175 1736 1359 1820 oppositum
1367 1757 1376 1810 3
1394 1755 1436 1796 re-

151 1846 283 1911 ducetur
297 1847 417 1932 pressio
432 1845 570 1930 undique
586 1844 625 1908 ad
641 1844 858 1931 {equalitatem
875 1845 908 1906 in
923 1859 1082 1908 momento
1097 1845 1258 1930 temporis,
1276 1845 1344 1907 sine
1358 1856 1436 1906 motu

149 1953 257 2017 loculi:
282 1970 314 2017 et
328 1953 460 2017 subinde
474 1967 578 2037 partes
591 1952 690 2030 fluidi,
715 1974 773 2037 per
791 1953 906 2016 Casum
929 1954 1081 2038 quintum,
1109 1977 1142 2017 se
1165 1952 1278 2017 mutub
1301 1964 1434 2037 prement

150 2062 320 2148 equaliter,
337 2075 369 2127 et
383 2063 542 2148 quiescent
556 2061 637 2124 inter
652 2083 694 2124 se.
741 2060 782 2137 Q.
799 2084 825 2124 e.
841 2060 872 2123 d.

195 2171 293 2233 Corol.
342 2168 437 2234 Unde
454 2190 512 2231 nec
526 2181 629 2231 motus
644 2169 779 2252 partium
795 2166 884 2230 fluidi
900 2168 980 2231 inter
996 2190 1038 2245 se,
1055 2189 1112 2253 per
1125 2168 1324 2252 pressionem
1344 2160 1435 2227 fluido

151 2275 250 2341 ubivis
265 2276 298 2338 in
312 2275 441 2341 externi
456 2274 620 2360 superficie
635 2275 761 2352 illatum,
774 2276 888 2338 mutari
899 2291 1040 2360 possunt,
1056 2276 1115 2339 nisi
1127 2276 1282 2362 quitenus
1297 2272 1432 2358 autfign·

151 2405 187 2446 re
201 2383 375 2467 superficiei
389 2382 503 2445 alicubi
517 2394 666 2459 mutatur,
683 2398 736 2447 aut
751 2405 859 2446 omnes
873 2381 962 2446 fluidi
976 2396 1080 2467 partes
1096 2381 1249 2446 intensids
1266 2380 1317 2447 vel
1331 2379 1431 2444 remit·

152 2487 217 2554 sitis
232 2511 300 2554 sese
314 2487 487 2575 premendo
502 2486 657 2552 difficilitis
674 2488 722 2552 vel
736 2487 855 2552 facilius
870 2488 1017 2553 labuntur
1032 2491 1111 2553 inter
1126 2512 1171 2556 se.

397 2830 682 2898 PROPOSITIO
705 2833 786 2897 XX.
832 2835 1102 2901 THEOREMA
1126 2836 1202 2900 XV.
1223 2908 1225 2912 μ

155 3041 195 3129 θ’)
209 3042 246 3107 Si
245 3042 346 3130 fluidi
359 3043 509 3124 spdaerici,
536 3054 565 3106 et
582 3046 614 3106 in
632 3046 798 3128 (squalidus
812 3069 833 3108 α
848 3059 948 3111 centro
970 3051 1126 3112 distantiis
1147 3050 1332 3133 trontogenei,
1342 3047 1437 3132 findo

196 3155 342 3236 sphoerico
356 3159 539 3220 comentrico
554 3158 745 3221 incumbentis
753 3171 861 3241 partes
874 3163 1002 3244 singrdae
1012 3182 1109 3224 muts
1120 3171 1253 3223 censum
1268 3161 1360 3223 totius
1369 3179 1437 3243 gra·

197 3268 312 3339 vitent,
327 3267 589 3350 uutinetfimdum
598 3271 718 3350 pondus
732 3271 874 3352 cylindri,
892 3269 974 3352 cujus
988 3270 1067 3334 basis
1081 3271 1209 3353 aequolis
1224 3279 1267 3332 est
1282 3267 1437 3352 mpeficr'ei

185 3376 296 3461 findi,
313 3386 341 3438 et
356 3378 487 3439 altitudo
502 3380 602 3440 eadem
618 3399 684 3460 quae
685 3379 787 3464 fluidi
802 3379 1001 3442 incumbentis.

153 3653 157 3665 Ι
201 3571 249 3635 Sit
270 3569 304 3634 D
328 3569 364 3633 H
388 3569 427 3632 M
450 3570 629 3654 superficies
652 3571 749 3647 fundi,
778 3587 809 3636 et
833 3576 861 3636 A
887 3573 915 3637 E
940 3574 955 3638 Ι
978 3575 1157 3658 superficies
1181 3574 1327 3658 superior
1348 3567 1435 3635 finidi.

157 3677 388 3763 Superficiebus
414 3676 574 3760 sphaericis
598 3679 767 3742 innumeris
785 3680 812 3742 B
830 3679 856 3742 F
874 3680 915 3757 K,
940 3680 967 3743 C
984 3680 1016 3744 G
1032 3682 1061 3744 L
1082 3681 1296 3768 distinguetur
1316 3677 1435 3742 fluidum

156 3788 189 3850 in
212 3787 302 3851 orbes
325 3786 537 3849 concentricos
559 3786 719 3871 aequaliter
742 3809 879 3862 crassos3
902 3800 934 3850 et
948 3789 1077 3872 concipe
1091 3789 1153 3850 vim
1169 3788 1334 3874 gravitatis
1354 3803 1436 3872 agere

157 3892 353 3971 solummodo
378 3893 411 3955 in
436 3892 631 3977 superficiem
657 3894 850 3977 superiorem
865 3895 949 3958 orbis
974 3897 1132 3982 cujusque,
1158 3907 1191 3958 et
1217 3890 1354 3980 oequ'ales
1378 3912 1436 3955 esse

157 4002 292 4066 actiones
308 4004 341 4064 in
355 3999 488 4085 oequales
504 4014 607 4084 partes
622 4000 857 4084 superficierum
875 4003 1024 4065 omnium.
1071 4001 1232 4065 Premitur
1246 4023 1326 4089 ergo
1339 4019 1436 4084 super·

157 4109 242 4173 ficies
257 4133 401 4195 suprema
416 4111 446 4173 A
464 4110 492 4173 E
506 4110 536 4172 vi
551 4109 683 4194 simplici
697 4111 856 4196 gravitatis
875 4112 1022 4195 propriae,
1046 4110 1107 4196 qui
1122 4123 1154 4174 et
1169 4133 1281 4175 omnes
1297 4111 1379 4175 orbis
1392 4130 1435 4173 stt·

190 4299 289 4364 (⁸)172.
309 4305 413 4366 Ststuidt'
423 4303 586 4364 pthaericidtc.
625 4302 779 4365 Fluidiquie-
812 4303 880 4350 lelem
888 4312 921 4361 et,
932 4300 1131 4367 (exDelinitione)
1139 4301 1241 4351 fluidum
1250 4302 1436 4372 munddmbqt

156 4365 240 4411 neentis
250 4366 382 4424 superficies
392 4366 421 4414 ed
439 4366 555 4428 puritatis
565 4365 714 4414 directionem
731 4383 781 4427 per-
814 4366 964 4414 directionem
976 4367 1113 4424 movebitur,
1133 4377 1217 4414 contu
1236 4367 1304 4430 Hyp.
1340 4365 1435 4426 Eritis*

157 4426 312 4488 pendicularis
328 4440 362 4476 est
377 4431 471 4493 ubique,
488 4440 512 4477 et
522 4428 576 4478 ided
587 4430 606 4477 si
618 4431 651 4477 vis
667 4431 786 4493 puritatis
818 4430 1181 4494 turpemquoelibetsupetficiei
1197 4431 1229 4479 ed
1248 4431 1367 4495 gneiutis
1375 4429 1437 4478 dirt-

157 4491 187 4541 td
205 4503 313 4538 centrum
331 4509 406 4540 unum
422 4494 541 4557 dirigatur,
562 4495 672 4555 spherica
682 4505 723 4541 est
761 4496 786 4543 si
818 4496 906 4542 tionem
917 4494 1126 4556 perpendicularis:
1141 4496 1286 4558 etquonism
1295 4491 1438 4544 notun-ti·

157 4555 789 4679 {lltttt‘tllfillltttdlltttlt'tltlt
819 4559 1439 4687 ‘tt‘zltltt‘fi‘lst‘ffitfft‘fsstffi

157 4683 184 4730 in
206 4684 265 4738 dues
284 4683 343 4730 vires
355 4701 457 4746 querum
475 4701 525 4735 una
542 4638 698 4735 directionedi
708 4688 789 4734 babent
820 4639 896 4734 desid
908 4656 1014 4735 centrdru
1025 4703 1100 4734 unum
1111 4641 1266 4748 murumd:
1274 4684 1440 4752 supatdettb

160 4747 289 4809 superficiei
302 4740 368 4795 lluidi
384 4750 606 4810 perpendicularem,
626 4751 697 4798 ultera
714 4750 788 4812 perol.
821 4750 885 4799 fluidi
895 4752 1004 4814 sphetim
1014 4752 1063 4799 erit.
1101 4752 1132 4808 Q.
1147 4769 1167 4799 e.
1182 4752 1207 4800 d.
