3202 5446
622 476 884 543 PRAEFATIO.
1303 479 1382 542 xxiii

94 667 152 719 tem
161 651 244 716 hanc
259 649 400 715 fabulam
414 650 614 736 rejiciendam
624 675 691 717 esse
701 666 800 739 putet,
815 652 900 717 idem
915 663 948 716 et
957 651 1086 716 alteram
1096 651 1234 717 fabulam
1244 655 1380 739 rejiciet:

93 784 161 826 nam
175 783 271 825 ovum
286 782 353 824 non
367 772 416 824 est
430 782 491 824 ovo
505 760 647 838 similius,
670 759 764 847 quim
784 757 965 846 hypothesis
980 758 1261 844 atmosphoerarum
1279 759 1381 847 hypo-

90 874 170 938 thesi
185 873 354 936 vorticum.

130 981 255 1047 Docuit
277 979 442 1056 Galiloeus,
465 978 578 1064 lapidis
596 979 728 1064 projecti
749 992 781 1043 et
802 979 835 1041 in
856 977 1007 1063 parabola
1027 979 1104 1041 moti
1126 977 1343 1044 deflectionem
1362 1003 1382 1044 a

87 1114 180 1156 cursu
203 1091 369 1156 rectilineo
394 1089 469 1153 oriri
488 1112 508 1152 a
532 1088 684 1176 gravitate
706 1087 819 1172 lapidis
844 1088 877 1151 in
902 1100 1030 1165 terram,
1053 1088 1094 1151 ab
1116 1087 1240 1151 occulta
1263 1088 1381 1152 scilicet

86 1199 245 1286 qualitate.
293 1196 378 1262 Fieri
392 1210 497 1262 tamen
511 1206 616 1280 potest
629 1208 665 1259 ut
678 1195 756 1260 alius
771 1195 893 1281 aliquis,
916 1195 986 1258 nasi
1000 1195 1146 1259 acutioris
1161 1194 1378 1281 philosophus,

84 1328 212 1370 causam
227 1305 323 1368 aliam
338 1303 607 1368 comminiscetur.
654 1301 768 1389 Finget
781 1301 877 1389 igitur
890 1300 943 1365 ille
956 1300 1119 1365 materiam
1133 1300 1291 1386 quandam
1306 1302 1380 1366 sub-

85 1415 182 1492 tilem,
205 1435 280 1502 quae
303 1435 363 1477 nec
384 1411 464 1488 visu,
487 1432 547 1474 nec
573 1421 666 1487 tactu,
690 1431 793 1494 neque
814 1408 881 1471 ullo
904 1430 998 1472 sensu
1018 1407 1199 1492 percipitur,
1215 1408 1332 1471 versari
1346 1408 1381 1473 in
1492 1451 1494 1455 ,

85 1523 266 1612 regiombus
293 1543 365 1607 quae
387 1518 532 1606 proxime
549 1519 735 1605 contingunt
758 1517 879 1582 telluris
904 1517 1109 1602 superficiem.
1156 1517 1253 1582 Hanc
1275 1531 1380 1583 autem
1450 1584 1453 1589 ,

85 1633 261 1708 materiam,
278 1630 313 1693 in
327 1629 467 1693 diversas
481 1628 600 1715 plagas,
617 1627 710 1690 variis
724 1638 757 1690 et
770 1626 954 1712 plerumque
970 1628 1132 1692 contrariis
1146 1628 1283 1692 motibus
1294 1627 1377 1706 ferri,

84 1754 116 1804 et
129 1740 229 1803 lineas
243 1738 440 1823 parabolicae
462 1736 639 1801 describere
657 1735 834 1799 contendet
878 1734 1005 1800 Deinde
1030 1758 1106 1800 vero
1124 1737 1239 1822 lapidis
1264 1738 1379 1803 deflec-

83 1849 206 1913 tionem
220 1846 351 1932 pulchri
367 1847 412 1910 sic
427 1845 583 1931 expediet,
607 1857 639 1910 et
652 1844 739 1932 vulgi
752 1844 897 1930 plausum
912 1845 1091 1911 merebitur.
1136 1847 1244 1933 Lapis,
1267 1848 1378 1934 inquit,

84 1956 119 2017 in
144 1952 244 2018 fluido
264 1952 317 2016 illo
337 1951 445 2016 subtili
467 1964 562 2029 natat,
586 1963 618 2015 et
637 1951 742 2014 cursui
767 1952 834 2036 ejus
859 1951 1073 2037 obsequendo,
1096 1974 1161 2017 non
1183 1965 1289 2039 potest
1313 1975 1379 2017 non

84 2061 220 2127 eandem
234 2059 297 2125 una
310 2061 453 2125 semitam
468 2059 655 2124 describere.
701 2058 850 2124 Fluidum
870 2059 947 2124 verb
968 2073 1113 2125 movetur
1127 2062 1160 2125 in
1183 2063 1272 2126 lineis
1286 2085 1379 2147 para-

87 2169 199 2235 bolicis
206 2194 217 2248 3
239 2192 316 2257 ergo
330 2169 467 2255 lapidem
489 2169 523 2231 in
546 2166 696 2252 parabola
714 2168 834 2230 moveri
856 2189 983 2257 necesse
1009 2180 1066 2232 est
1112 2167 1193 2243 Quis
1214 2189 1299 2232 nunc
1313 2190 1379 2232 nou

82 2278 251 2342 mirabitur
262 2277 479 2340 acutissimum
491 2273 622 2360 hujusce
636 2273 818 2360 philosophi
828 2274 1000 2361 ingenium,
1013 2296 1055 2338 ex
1069 2275 1169 2338 causis
1178 2275 1376 2352 mechanicis,

84 2383 214 2449 materiai
231 2383 354 2448 scilicet
368 2396 400 2447 et
412 2395 512 2459 motu,
534 2380 744 2468 phaenomena
757 2392 879 2445 namrae
893 2381 934 2445 ad
947 2381 1034 2469 vulgi
1048 2383 1141 2447 etiam
1156 2396 1281 2467 captum
1296 2406 1379 2469 prae·

82 2494 168 2559 clard
183 2490 394 2557 deducentis?
417 2491 499 2567 Quis
518 2489 593 2554 verb
618 2512 683 2553 non
709 2488 913 2553 subsamiabit
936 2489 1055 2553 bonum
1081 2489 1170 2552 illurn
1197 2489 1376 2569 Galilaeum,

85 2604 142 2690 qui
154 2624 273 2689 magno
298 2599 460 2664 molimine
472 2598 695 2661 mathematico
712 2597 876 2683 qualitates
895 2597 1042 2676 occultas,
1059 2598 1291 2684 ephilosophia
1311 2599 1378 2664 feli-

82 2711 162 2774 citer
192 2708 350 2784 exclusas,
374 2704 481 2770 denub
510 2726 657 2768 revocare
681 2703 885 2768 sustinuerit?
922 2704 985 2769 Sed
1013 2704 1112 2790 pudet
1140 2707 1241 2794 nugis.
1261 2704 1378 2772 diutiris

83 2816 258 2880 immorari.

129 2925 261 2988 Summa
274 2922 322 2987 rei
340 2920 404 2985 huc
418 2920 546 2985 tendent
562 2920 662 2985 redit:
686 2932 880 2985 cometarum
894 2922 1004 3009 ingens
1019 2935 1067 2987 est
1085 2944 1234 2988 numerus
1242 2949 1251 3002 3
1273 2938 1377 2993 motus

83 3051 193 3094 eorum
208 3041 282 3093 sunt
305 3027 426 3092 summe
442 3026 611 3114 regulares,
635 3038 667 3092 et
689 3027 816 3091 easdem
835 3027 921 3115 leges
936 3050 1007 3092 cum
1026 3029 1223 3114 planetamm
1240 3035 1377 3100 motibus

83 3139 260 3202 observant.
306 3137 479 3202 Moventur
493 3137 527 3199 in
547 3136 674 3200 orbibus
690 3136 817 3214 oonicis,
839 3135 875 3199 hi
886 3137 979 3201 orbes
1005 3152 1078 3203 sunt
1092 3140 1183 3205 valde
1207 3142 1377 3209 admodum

81 3245 258 3310 eccentrici.
305 3244 464 3308 Fertmtur
477 3243 616 3330 undique
641 3244 675 3306 in
691 3265 801 3307 omnes
820 3243 970 3308 coelorum
989 3258 1103 3329 partes,
1127 3261 1159 3312 et
1181 3249 1376 3332 planetarum

83 3355 227 3439 regiones
237 3351 397 3416 hberrimd
410 3361 642 3436 pertranseunt,
665 3363 698 3414 et
711 3349 796 3435 saepe
820 3350 929 3415 contra
951 3353 1112 3440 signorum
1127 3355 1269 3420 ordinem
1292 3359 1377 3423 ince-

82 3460 173 3524 dunt
218 3459 303 3525 Haec
317 3458 527 3543 phaenomena
541 3456 711 3521 certissime
733 3457 959 3523 confirmantur
980 3483 1021 3523 ex
1038 3461 1304 3530 observationibus
1328 3490 1376 3530 aa·

82 3567 283 3630 tronomicis:
306 3577 339 3630 et
352 3587 409 3649 per
423 3566 557 3630 vortices
571 3577 731 3649 nequeunt
744 3564 904 3649 explicari.
928 3565 1009 3644 Imb,
1020 3589 1060 3630 ne
1070 3568 1200 3653 quidem
1214 3593 1287 3635 cum
1303 3595 1375 3637 vor·

82 3672 196 3737 ticibus
209 3673 408 3757 planetarum
423 3673 592 3737 consistere
605 3684 748 3756 possunt.
782 3671 985 3737 Cometarum
996 3675 1133 3740 motibus
1144 3680 1274 3744 omnind
1288 3681 1376 3750 locus

82 3804 149 3846 non
163 3783 223 3846 erit
230 3806 239 3858 ;
266 3781 330 3846 nisi
344 3781 477 3845 materia
490 3782 545 3846 illa
559 3781 669 3846 fictitia
682 3781 808 3867 penitus
823 3805 841 3846 e
856 3782 942 3846 coelis
958 3799 1147 3853 amoveatur.

128 3889 164 3955 si
192 3889 278 3953 euim
301 3887 436 3972 planetae
462 3886 580 3950 circum
602 3889 702 3953 solem
730 3912 750 3952 a
778 3889 947 3954 vorticibus
977 3890 1192 3974 devehuntur3
1224 3899 1378 3965 vorticum

83 4009 198 4081 partes,
222 4015 295 4080 quae
308 3992 452 4078 proximi
482 3994 623 4059 ambiunt
645 4017 901 4084 unumquemque
925 3998 1094 4083 planetam,
1118 4005 1257 4089 ejusdem
1271 4007 1378 4074 densi.

85 4106 154 4172 tatis
168 4117 263 4168 erunt
288 4124 326 4166 ac
346 4103 488 4186 planeta3
511 4104 557 4167 uti
579 4103 674 4188 suprti
687 4106 806 4171 dictum
828 4121 885 4172 est.
930 4109 1041 4212 Itaque
1054 4116 1185 4179 materia
1207 4117 1261 4182 illa
1274 4120 1376 4186 omnis

84 4235 154 4298 quse
169 4210 319 4298 contigua
327 4223 375 4273 est
388 4210 473 4274 orbis
487 4211 594 4299 magni
607 4212 787 4297 perimetro,
809 4237 919 4299 parem
932 4216 1061 4286 habebit
1081 4245 1119 4287 ao
1132 4223 1224 4288 tellus
1239 4226 1377 4295 densita·

84 4338 165 4388 tem:
189 4344 261 4409 quae
275 4321 351 4386 verb
363 4323 447 4406 jacet
471 4323 553 4387 intra
567 4324 678 4389 orbem
700 4347 850 4412 magnum
866 4340 959 4415 atque
978 4333 1086 4396 orbem
1103 4334 1239 4414 Saturni,
1255 4338 1306 4402 vel
1319 4363 1376 4425 pa-

84 4452 152 4494 rem
167 4430 216 4493 vel
227 4431 378 4515 majorem
392 4427 528 4495 habebit.
574 4431 658 4496 Nam
672 4444 708 4496 ut
728 4433 907 4498 constitutio
922 4437 1046 4501 vorticis
1068 4460 1251 4522 permanere
1265 4446 1373 4528 possit,

84 4537 202 4600 debent
222 4548 328 4620 partes
349 4533 454 4598 miuus
476 4535 581 4602 dense
602 4551 744 4604 centrum
766 4563 930 4626 occupare,
953 4545 1053 4631 magis
1083 4546 1188 4612 densae
1209 4549 1334 4639 longiis
1355 4575 1376 4617 a

84 4656 194 4708 centro
209 4641 305 4706 abire.
352 4641 435 4705 Cum
450 4642 533 4708 enim
557 4643 751 4729 planetarum
777 4658 917 4730 tempora
941 4649 1102 4733 periodica
1126 4653 1241 4720 sintin
1256 4657 1375 4723 ratione

741 4757 790 4802 aa
