3188 5444
248 453 310 511 114
545 443 880 510 PHILOSOPHIAE
903 441 1171 510 NATURALIS
1237 443 1343 524 [Mon.
1368 444 1518 511 Coenon.

283 621 378 685 Corol.
401 627 431 682 2.
474 617 512 704 (ἁ)
537 619 579 683 Et
586 618 716 704 aequnlin
730 630 820 682 enuit
833 617 1059 682 revolutionum
1072 619 1105 681 in
1116 617 1273 702 ellipsibus
1288 619 1437 682 universis
1451 619 1514 682 cir-

237 750 308 792 cum
322 738 460 791 centrum
474 725 556 789 idem
569 725 717 789 factarum
738 725 894 809 periodica
908 738 1055 809 tempore
1101 725 1183 789 Nem
1198 737 1338 810 tempore
1351 724 1404 788 illa
1417 725 1451 787 in
1465 725 1513 789 el·

235 835 361 918 lipsibus
384 833 530 895 similibus
544 831 674 916 aequalia
698 845 768 894 sunt
783 837 851 916 (per
867 830 971 895 Corol.
994 839 1023 894 3.
1038 843 1070 894 et
1085 841 1103 896 8
1121 831 1214 914 Prop.
1232 832 1287 911 1v.)
1303 832 1335 895 iu
1350 831 1513 915 ellipsibus

234 953 336 1005 autem
346 961 540 1003 communem
550 938 731 1001 habentibus
745 961 837 1002 exem
850 941 997 1024 majorem
1011 949 1082 1000 sunt
1095 938 1135 1001 ad
1149 939 1280 1001 invicem
1302 950 1337 1002 ut
1358 938 1509 1024 ellipseon

234 1070 314 1112 areoe
328 1058 401 1111 totae
424 1044 547 1122 directe,
565 1058 595 1108 et
609 1066 749 1108 arearum
762 1045 921 1129 porticulae
946 1044 1035 1108 simul
1050 1044 1210 1129 descriptae
1232 1044 1350 1108 inverse
1359 1069 1369 1122 ς
1392 1045 1426 1108 id
1449 1058 1508 1124 eet,

234 1167 268 1217 ut
278 1176 350 1217 axes
364 1154 496 1216 minores
510 1150 634 1228 directi,
650 1163 681 1215 et
695 1173 862 1236 corporum
876 1151 1048 1215 velocitates
1062 1151 1095 1213 in
1110 1150 1271 1215 verticibus
1283 1151 1508 1236 principalibus

231 1258 348 1323 inverse
358 1284 368 1335 3
390 1259 450 1322 hoc
472 1270 527 1336 est,
552 1268 586 1320 ut
611 1279 682 1320 axes
696 1257 741 1319 illi
756 1259 888 1320 minores
902 1255 1026 1334 duecte,
1042 1268 1073 1320 et
1098 1257 1263 1321 ordinatim
1280 1257 1444 1342 applicetis
1462 1258 1505 1321 ad

232 1366 314 1430 idern
328 1378 476 1450 puncttnn
490 1364 555 1427 exis
569 1365 738 1426 communis
752 1364 888 1439 inverse3
905 1375 936 1427 et
949 1375 1113 1447 propterea
1128 1363 1181 1448 (ob
1189 1363 1398 1449 aequolitntem
1406 1365 1504 1429 retio-

232 1495 305 1535 num
320 1473 503 1536 directnrum
518 1483 549 1533 et
562 1470 762 1548 inversorum)
779 1471 812 1533 in
824 1471 940 1533 ratione
950 1469 1140 1555 aequslitatis.

784 1833 934 1895 Scholirtm.

269 2055 302 2121 Si
316 2053 428 2137 ellipsis
443 2064 547 2115 centro
562 2050 594 2111 in
609 2049 761 2111 infinitum
775 2046 906 2111 abeunte
920 2056 1055 2108 vertatur
1065 2046 1097 2108 in
1106 2045 1293 2129 parabolam,
1305 2069 1419 2132 corpus
1429 2071 1502 2113 mo-

224 2162 344 2225 vebitur
357 2161 390 2222 in
417 2159 476 2222 hnc
496 2155 641 2241 parabole
648 2179 658 2231 3
681 2166 711 2218 et
731 2155 776 2216 vis
790 2154 830 2217 sd
844 2163 983 2217 centrum
997 2151 1115 2216 infinite
1140 2153 1254 2218 distem
1275 2156 1343 2240 jam
1366 2155 1501 2221 tendens

228 2397 373 2444 velocitatem
391 2396 491 2457 corporis
505 2397 535 2453 A,
553 2396 651 2444 eandem
661 2412 710 2453 esse
725 2413 752 2445 ac
768 2398 851 2446 veloci·
882 2401 996 2447 iutt'onum
1007 2400 1067 2446 circo
1079 2400 1140 2445 idem
1151 2397 1509 2461 centrumsoctontotyaeriodloe

230 2474 301 2509 tutem
317 2462 462 2522 projectionis
477 2463 576 2521 corporis
590 2462 617 2516 P,
637 2471 660 2508 et
675 2477 703 2507 ea
720 2461 774 2508 deul
789 2465 851 2510 velo·
882 2473 983 2524 tempora
991 2465 1016 2509 in
1025 2465 1147 2524 Euipn'but
1153 2465 1263 2509 uniuerso
1274 2465 1316 2509 itte
1326 2461 1510 2509 aeneidem

231 2527 299 2572 citste
310 2526 409 2586 corporis
420 2527 482 2570 illius
497 2528 526 2580 A,
537 2525 661 2571 directione
672 2528 786 2588 tangentis
798 2528 817 2574 P
828 2530 851 2583 Q
881 2530 1006 2587 metenda

232 2589 357 2636 directione
368 2590 401 2634 vis
414 2591 433 2636 C
448 2590 475 2645 P,
493 2600 517 2636 et
534 2590 656 2635 curvaturis
674 2590 768 2648 Elltpsis
784 2593 808 2639 iu
824 2595 850 2649 P,
914 2594 1018 2639 lemma.
1071 2591 1133 2636 Areu
1162 2587 1243 2635 circuli
1277 2588 1298 2634 A
1325 2586 1345 2634 ll
1368 2587 1399 2642 Β,
1431 2585 1504 2649 witae

232 2654 301 2700 detur
319 2669 352 2698 ιιι
370 2653 501 2713 centripetae
518 2657 633 2714 quantitas
648 2654 752 2700 absoluta
771 2660 850 2721 (24²2.)
882 2655 987 2703 radiusP
998 2655 1017 2702 C
1030 2664 1133 2715 sequetur
1141 2652 1235 2700 semiaxi
1245 2651 1267 2699 A
1279 2653 1299 2699 C
1309 2649 1428 2711 ellipslsA
1439 2650 1464 2697 E
1475 2648 1506 2704 B,

232 2718 279 2779 qud
297 2733 379 2777 eorpus
400 2720 431 2774 A,
451 2718 476 2763 in
496 2718 580 2777 Eilipsi
596 2727 685 2764 motum
701 2719 812 2768 retinetur
826 2722 851 2767 in
882 2733 916 2766 est
926 2719 954 2766 sd
966 2721 1036 2783 hujus
1053 2718 1168 2777 Ellipseos
1183 2730 1258 2763 aream
1274 2725 1303 2762 ut
1316 2714 1425 2762 seminis
1437 2716 1461 2761 A
1474 2712 1506 2767 c,

233 2793 320 2842 puncto
333 2782 359 2835 P.
372 2785 411 2827 reu
422 2781 502 2828 eadem
513 2792 547 2828 est
557 2782 643 2841 ellipsis
654 2781 722 2836 itlius,
739 2797 762 2833 et
772 2787 852 2833 orbito
882 2800 924 2832 seu
943 2783 1002 2838 Fc,
1022 2781 1053 2829 ad
1070 2781 1168 2828 alterum
1186 2779 1311 2827 semissem
1331 2778 1355 2826 E
1368 2779 1504 2828 G-Deat·

236 2861 307 2908 quern
326 2861 408 2906 oorpus
426 2847 446 2893 P
464 2846 576 2900 describit,
597 2858 732 2902 curvatum

234 2925 291 2956 num
312 2910 361 2956 Pr
383 2922 417 2957 est
439 2910 517 2956 radius
535 2909 613 2956 circuli
635 2910 733 2970 ellipsim

237 2974 259 3021 P
272 2976 297 3021 D
311 2975 333 3021 G
349 2974 370 3020 A
382 2975 506 3022 osculantis
519 2975 542 3019 in
555 2974 584 3030 P,
597 2976 730 3038 (pertonat.

237 3049 262 3084 et
280 3053 358 3084 secun
371 3038 484 3085 demonst.
506 3039 580 3085 Newt.
601 3039 671 3096 Prop.
687 3037 732 3098 X.)

238 3112 273 3149 est
282 3117 375 3163 quoque
386 3103 464 3149 radius
474 3103 552 3148 circuli
563 3117 733 3164 curvamqustn

236 3181 321 3225 corpus
333 3166 354 3213 P
365 3167 473 3213 describit
484 3166 609 3212 osculantis
619 3167 643 3211 in
652 3168 733 3212 eodem

235 3241 324 3290 puncto
342 3229 369 3279 Ρ.
391 3234 442 3292 (per
460 3232 557 3288 constr.)
577 3227 682 3291 adeoque
700 3229 733 3274 el·

236 3294 301 3354 lipsis
319 3294 340 3340 P
354 3295 378 3342 D
392 3296 414 3341 G
428 3297 458 3349 A,
477 3304 500 3340 ct
514 3294 587 3340 orbita
602 3308 672 3355 quern
683 3308 733 3339 cor-

236 3373 281 3419 pus
294 3357 315 3403 P
325 3359 387 3405 deser
392 3359 433 3404 ibit
443 3357 539 3404 eandem
556 3359 641 3404 habent
652 3372 732 3403 curve-

237 3433 313 3468 turam
335 3423 360 3468 in
382 3434 468 3480 puncto
493 3424 519 3478 P,
543 3432 651 3481 pretereo
672 3434 734 3468 recte

240 3486 262 3533 P
275 3486 306 3540 Q,
318 3487 398 3533 orbitse
409 3499 506 3547 tungons
516 3501 570 3532 curn
581 3485 611 3531 sit
621 3485 733 3531 diametro

239 3550 259 3598 C
279 3549 303 3596 l(
322 3549 430 3610 parallelo
448 3550 547 3609 ellipsim
566 3550 640 3611 tangit
658 3548 682 3594 in
704 3550 732 3604 Ρ,

237 3613 299 3660 idern
311 3625 345 3661 est
356 3615 436 3660 orbitas
447 3624 471 3659 et
481 3613 567 3672 ellipsis
582 3624 687 3660 centrum
704 3615 732 3667 C.

236 3678 298 3724 idern
309 3689 423 3738 puuctum
436 3677 464 3729 P,
477 3678 556 3723 eadem
568 3677 733 3736 relocitsspro-

233 3742 347 3804 jectionia,
366 3742 447 3788 eodem
459 3742 494 3787 lex
512 3742 545 3786 vis
560 3741 690 3799 ceutripete
705 3757 733 3788 ac

237 3805 335 3866 proinde
351 3806 431 3853 eadem
442 3807 475 3850 vis
485 3804 547 3850 illius
563 3806 677 3866 quantitas
692 3807 732 3851 ab·

239 3870 315 3917 soluta
323 3871 347 3917 in
355 3881 441 3929 puncto
451 3869 478 3925 P,
490 3882 536 3915 turn
548 3869 571 3915 in
583 3869 732 3930 ellipsiquarn

237 3935 263 3979 in
286 3933 360 3982 orbiti
377 3950 392 3981 a
410 3948 504 3992 corpore
527 3933 548 3980 P
569 3932 731 3990 describendi;

237 4012 293 4043 curn
310 4000 381 4062 igitur
397 3998 425 4043 iis
440 3997 498 4043 dnus
513 4012 596 4056 corpus
609 3999 627 4042 P
639 3999 731 4042 unicam

236 4075 330 4108 curvem
357 4062 482 4109 describere
508 4061 579 4120 possit
602 4070 625 4106 et
651 4059 729 4106 reveni
754 4058 853 4117 ellipsim
887 4058 946 4105 Aris
959 4060 981 4105 A
993 4059 1021 4114 Β,
1042 4057 1129 4105 divisus
1139 4058 1281 4122 intelligatur
1296 4060 1319 4106 in
1335 4059 1461 4120 particulas
1470 4059 1508 4107 iu-

238 4124 261 4171 P
273 4127 297 4173 D
311 4127 333 4174 G
346 4130 377 4179 A,
398 4125 467 4186 possit
484 4125 617 4178 describere,
638 4125 656 4169 si
676 4126 710 4169 vis
730 4124 854 4184 ceutripeta
885 4137 993 4169 uurneras
1009 4122 1108 4183 uqusies
1123 4123 1214 4170 lineola
1227 4125 1255 4170 M
1271 4125 1300 4179 N,
1317 4136 1340 4172 et
1357 4141 1399 4185 per
1413 4125 1509 4188 singula

236 4187 266 4234 sit
276 4201 302 4235 ut
313 4191 419 4238 distantis
429 4200 529 4237 acentro
540 4193 593 4252 (nec
600 4187 854 4246 circulusdescribatur)
887 4186 1025 4232 divisionum
1037 4197 1122 4247 punctu
1133 4188 1250 4249 erigantur
1260 4200 1327 4236 rectsc
1346 4189 1368 4236 P
1380 4190 1417 4245 M,
1437 4192 1463 4244 Q
1475 4190 1508 4247 N,

238 4268 321 4311 corpus
337 4255 465 4301 movebitur
474 4253 499 4299 in
511 4253 594 4313 Ellipsi
605 4265 710 4299 centrum
722 4253 819 4298 habente
831 4267 855 4296 ιιι
887 4251 923 4298 eri
943 4250 1146 4311 perpendiculares.
1190 4253 1307 4305 Quoniam
1329 4268 1358 4300 ex
1380 4254 1462 4300 circuli
1484 4265 1510 4300 st

236 4327 315 4362 centro
325 4319 415 4365 virium.
451 4319 482 4372 Q.
497 4334 517 4365 e.
531 4317 554 4363 d·
892 4315 983 4374 Ellipsis
994 4314 1082 4367 nature,
1098 4316 1116 4361 F
1129 4318 1184 4362 C²:
1202 4317 1226 4371 Q
1238 4318 1261 4363 N
1271 4320 1281 4346 ²
1290 4337 1323 4363 =
1336 4320 1358 4364 A
1368 4319 1388 4366 C
1399 4325 1425 4374 Χ
1437 4318 1506 4366 CB:

269 4386 323 4427 246·
343 4383 366 4428 Si
379 4383 411 4428 vis
422 4379 588 4444 centrisugasit
599 4379 852 4429 utdistsntiuucentro.
889 4383 910 4425 A
926 4381 947 4425 N
961 4387 984 4434 ><
997 4379 1019 4424 N
1034 4381 1192 4426 13:1302:
1209 4381 1231 4427 Τ
1244 4383 1349 4438 N²,erit
1363 4383 1431 4430 PC:
1445 4382 1472 4437 Q
1483 4382 1510 4429 N

237 4442 317 4490 eodem
340 4445 409 4492 modo
427 4447 595 4493 demonstretur
616 4459 699 4502 corpus
721 4444 806 4489 moseri
830 4443 854 4488 in
885 4462 919 4488 =
934 4444 955 4489 t:
969 4445 989 4490 C
1004 4460 1009 4487 :
1023 4443 1045 4489 Τ
1059 4445 1123 4499 N,et
1137 4444 1207 4491 FC:
1225 4446 1324 4493 Ec=
1339 4446 1508 4503 QNt'l'N3

236 4508 360 4568 hyperbolis
370 4521 474 4556 centrum
485 4512 582 4557 ltebente
593 4509 617 4553 iu
628 4519 707 4554 centro
717 4507 807 4551 virium.
884 4506 964 4552 verbm
973 4508 1075 4568 ejusdem
1085 4509 1283 4572 bnsisrectunguls
1298 4513 1318 4556 N
1331 4512 1358 4565 L,
1373 4511 1396 4558 N
1408 4512 1441 4566 0,
1453 4522 1511 4558 mot

270 4571 302 4634 (⁶)
315 4577 367 4620 ⁴247.
393 4573 425 4622 Ut
440 4575 608 4622 demonstretur
623 4574 721 4634 ‹rquoit'o
732 4588 778 4619 east·
790 4588 852 4618 reno·
884 4582 910 4616 ut
921 4572 1052 4618 altitudines
1065 4573 1087 4618 N
1099 4574 1130 4628 Q,
1145 4574 1167 4619 N
1179 4576 1207 4630 ¹1¹,
1220 4591 1246 4621 ec
1258 4575 1352 4634 pannus
1367 4578 1435 4624 NL:
1449 4575 1470 4621 N
1484 4575 1510 4623 0
