3202 5446
152 547 265 614 Lmen
281 544 444 624 succum]
473 537 721 610 ,PRINClPlA
748 528 1119 597 MATHEMATICA·
1361 539 1428 596 555

151 719 251 804 premi
266 731 369 801 partes
385 729 417 780 et
431 715 610 800 superficies
625 713 761 777 secunda
779 712 846 775 BF
862 714 893 777 K
907 718 977 795 (per
990 711 1084 794 Prop.
1097 706 1210 786 XIX.)
1227 707 1263 791 (⁰)
1279 728 1338 792 pro
1352 727 1441 769 men·

152 827 223 890 suni
247 824 301 887 suti
324 824 484 908 aequaliter
505 832 699 907 premuntur.
746 819 904 884 Premitur
928 831 1079 902 praeterea
1105 816 1283 903 superficies
1305 814 1441 879 secunda

152 935 232 1001 BF
256 933 288 997 K
312 923 342 996 vi
364 935 500 1018 propriae
523 930 691 1018 gravitatis,
715 951 786 1016 quae

152 1044 301 1108 addita
273 1065 304 1104 vr
330 1043 427 1126 priori
419 1040 516 1104 facit
530 1041 721 1125 pressionem
737 1039 794 1101 du·

152 1154 247 1238 plam.
293 1151 367 1214 Hae
381 1151 551 1233 pressione,
574 1171 633 1233 pro
647 1148 791 1212 mensura

154 1262 220 1338 sud,
236 1276 268 1326 et
282 1262 409 1345 insuper
425 1261 454 1323 vi
469 1260 605 1344 propriae
620 1259 789 1346 gravitatis,
886 1195 1022 1348 'iffi-

153 1372 187 1435 1d
199 1383 254 1448 est,
270 1391 430 1453 pressrone
441 1367 533 1452 tripla
545 1380 675 1455 urgetur
684 1389 793 1452 super
862 1352 888 1452 J
900 1270 1035 1495 ‘ljos‘

153 1479 239 1543 fine
262 1478 354 1542 tertia
384 1477 412 1542 c
436 1477 468 1541 o
496 1476 534 1540 ι
580 1476 624 1540 nt
653 1453 865 1543 simum-¹
851 1492 940 1572 ..f
983 1455 1001 1507 ·’

152 1587 314 1674 pressione
338 1584 511 1671 quadruplis
534 1596 664 1672 urgetur
686 1607 793 1670 super·
845 1550 853 1642 i
888 1577 894 1659 ἷ
922 1582 928 1680 ξ
967 1511 986 1671 ξ..

154 1697 240 1760 ficies
254 1708 374 1781 quarta,
391 1693 553 1780 quintupla
569 1695 685 1780 quinta,
702 1707 734 1759 et
748 1695 792 1758 sic

155 1806 312 1889 deinceps.
360 1803 485 1867 Pressio
499 1803 594 1888 igitur
609 1802 669 1889 qud
686 1826 794 1888 super·
945 1837 955 1869 ι,
982 1784 995 1830 ’·
1010 1871 1021 1895 ,Ι

155 1912 240 1977 ficies
255 1933 451 1997 unaquaeque
466 1923 603 1998 urgetur,
620 1933 684 1974 non
699 1923 795 1976 estut
1054 1944 1062 1954 ·
1379 1989 1386 1998 ι

155 2021 310 2107 quantitas
334 2018 435 2083 solida
457 2019 545 2082 fluidi
574 2020 791 2099 incumbentis,
880 2016 1317 2083 F·

155 2129 209 2194 sed
219 2142 254 2193 ut
263 2150 411 2192 numerus
421 2127 701 2215 orbiumadusque
712 2152 796 2193 sum·
842 2201 844 2207 Α
962 2116 967 2124 ’

154 2239 294 2303 mitatem
314 2236 420 2312 fluidi;
444 2249 475 2300 et
489 2249 630 2323 aequatur
651 2241 795 2325 gravitati

154 2345 238 2409 orbis
259 2343 359 2406 infimi
380 2342 592 2427 multiplicatae
606 2367 663 2428 per
677 2368 842 2413 numerum
863 2351 1006 2416 orbium:
1029 2350 1091 2415 hoc
1106 2361 1161 2429 est,
1184 2349 1328 2436 gravitati
1350 2344 1449 2421 solidi

154 2457 241 2539 cujus
265 2451 374 2515 ultime
400 2451 479 2514 ratio
501 2451 542 2514 ed
564 2452 738 2537 cylindrum
760 2455 952 2541 praefinitu'm
976 2459 1015 2542 (si
1030 2457 1125 2520 modo
1147 2456 1270 2520 orbium
1292 2467 1442 2541 augeatur

154 2581 302 2623 numerus
317 2573 349 2621 et
362 2558 520 2620 minuatur
543 2560 716 2623 crassitudo
730 2562 763 2624 in
778 2563 944 2641 infinitum,
972 2564 1017 2627 sic
1032 2576 1067 2626 ut
1082 2563 1163 2627 actio
1182 2561 1341 2648 gravitatis
1357 2582 1376 2623 a
1390 2582 1442 2622 su-

153 2668 280 2752 perficie
306 2665 412 2728 infimi
437 2665 477 2727 ad
498 2687 675 2749 supremam
699 2671 846 2734 continua
869 2671 1031 2750 reddatur)
1057 2668 1111 2733 fiet
1141 2669 1219 2732 ratio
1248 2666 1441 2754 aequalitatis.

156 2777 294 2844 Sustinet
323 2798 399 2862 ergo
428 2774 607 2859 superficies
636 2776 745 2841 infima
773 2779 899 2862 pondus
929 2777 1062 2863 cylindri
1091 2777 1249 2861 praefiniti.
1295 2775 1337 2851 Q.
1359 2798 1386 2839 e.
1409 2775 1441 2839 d.

156 2887 195 2972 (ά)
212 2888 255 2952 Et
269 2887 360 2950 simili
375 2888 644 2973 argumentatione
658 2899 743 2970 patet
756 2887 944 2972 Propositio‚
961 2887 1014 2950 ubi
1029 2885 1164 2972 gravitas
1179 2883 1332 2948 decrescit
1345 2885 1378 2947 in
1392 2905 1442 2947 ra·

189 3056 247 3121 (')·
263 3060 308 3105 Pro
324 3055 435 3104 mensurd
446 3055 489 3105 sud
499 3059 616 3118 aqualiter
630 3068 778 3117 premuntur.
848 3063 900 3105 173.
930 3058 1045 3119 Designet
1063 3056 1088 3104 D
1102 3059 1123 3103 A
1138 3057 1162 3104 G
1174 3057 1197 3103 E
1214 3055 1351 3116 predictum
1366 3055 1440 3116 cylin-

158 3121 270 3184 singulm
291 3121 409 3176 nimirum,
429 3121 557 3180 superficiei
574 3120 682 3167 secundo
698 3132 780 3181 partes,
812 3121 889 3177 drum,
907 3122 974 3183 cujus
991 3121 1051 3167 basis
1063 3120 1088 3167 D
1099 3121 1121 3167 Ε
1133 3119 1228 3181 equalis
1238 3120 1268 3166 sit
1278 3120 1352 3167 fundo
1368 3120 1441 3179 spha-

156 3185 244 3232 semoti
256 3186 355 3245 panium
368 3185 460 3231 illarum
472 3184 563 3244 proprisi
579 3185 697 3246 gravitate.
715 3201 781 3247 eque
812 3186 860 3232 rioo
873 3185 898 3233 D
912 3186 938 3232 H
952 3186 988 3232 Μ.
1025 3184 1072 3231 Per
1082 3193 1197 3245 puuctum
1215 3184 1248 3242 D,
1270 3194 1293 3231 et
1304 3200 1344 3244 per
1355 3195 1442 3245 punct:

157 3261 296 3309 premuntur
307 3265 334 3296 sc
345 3261 422 3310 partes
432 3249 533 3310 aequales

156 3313 287 3374 superficiei
309 3329 438 3373 supremoe;
469 3313 533 3374 quod

157 3393 200 3439 per
212 3378 282 3437 Prop.
296 3378 370 3423 xlx.
382 3377 532 3422 manifestum

158 3442 192 3496 tt,
202 3442 221 3488 si
232 3443 341 3502 spatium,
357 3441 420 3502 quod
431 3440 482 3487 illes
493 3457 532 3486 su-

158 3505 261 3566 perficies
282 3505 392 3554 continet.
421 3515 531 3566 tanquam

158 3586 198 3616 sss
204 3569 298 3631 aliquod
307 3568 464 3615 consideretur
470 3569 533 3631 quod

158 3633 258 3681 tluidum
283 3632 402 3695 equaliter
430 3633 533 3695 undique

158 3712 316 3757 compressum
327 3696 494 3757 complectitur.

191 3761 248 3826 (Ψ
262 3765 295 3809 Et
306 3765 374 3809 simili
384 3773 532 3821 argumenta-

158 3830 226 3883 tione,
247 3827 288 3872 &c
323 3826 390 3871 Patet
409 3836 435 3872 ut
453 3825 476 3871 iu
494 3841 532 3872 su·

159 3891 243 3951 perion
237 3890 457 3942 'demonstratione
469 3890 533 3951 quod
589 3896 598 3906 ¹

159 3955 251 4014 pondus
267 3954 367 4014 partium
384 3954 490 4000 omnium
502 3971 533 4000 re-

159 4019 264 4080 qualium
279 4019 311 4074 D,
326 4019 354 4073 C,
369 4018 398 4074 B,
413 4020 435 4063 A
449 4018 472 4063 in
484 4019 533 4065 toti

159 4083 222 4129 recti
235 4083 259 4129 D
273 4085 295 4128 A
307 4082 453 4129 existentium
465 4083 533 4129 susti-

160 4157 243 4194 neatur
257 4163 272 4194 s
288 4157 351 4207 purte
365 4147 389 4193 D
400 4162 533 4207 correspon-

160 4210 231 4257 dente
237 4210 304 4257 fundi
312 4210 416 4271 sphaerici
427 4211 451 4256 D
459 4211 484 4256 H
496 4211 531 4258 M.

162 4275 219 4322 Hoc
236 4275 309 4349 igitur
320 4276 428 4351 fundum.
438 4275 535 4350 sustinet

866 4194 885 4242 S

160 4339 254 4400 pondus
264 4339 371 4400 cylindri,
391 4354 458 4401 quus
474 4341 534 4385 bessa

160 4403 257 4465 equalis
267 4413 301 4450 est
312 4402 439 4462 superficiei
455 4403 532 4459 fundI,

160 4478 185 4515 et
195 4466 294 4514 altitudo
308 4466 389 4513 endem
405 4482 458 4528 quse
468 4437 534 4513 fluidi
766 4388 940 4566 K
956 4351 1067 4552 J

161 4532 318 4578 incumbentis
331 4532 355 4577 D
371 4533 408 4588 A;
401 4529 533 4578 ·modota·

161 4611 216 4643 men
228 4596 252 4641 in
263 4595 320 4641 locis
330 4612 344 4641 a
355 4565 430 4640 fundo
440 4595 552 4655 sphaenco
569 4598 594 4645 D
605 4599 631 4647 H
642 4600 671 4647 M
682 4609 705 4648 et
715 4617 729 4648 ιι
739 4601 788 4649 basi
821 4601 876 4650 Bet
887 4600 908 4648 A
918 4599 1009 4648 infinite
1019 4599 1148 4661 propinqus
1158 4597 1261 4646 ducta·
1243 4607 1289 4644 smt
1299 4606 1368 4645 recte
1377 4593 1444 4648 DE

161 4659 232 4719 Ι)ιιιιί
248 4658 347 4721 05¹¹¹¹d¹¹
362 4658 566 4720 ⁸2¹l¹¹¹d¹⁵¹⁸¹¹¹¹b¹1⁸2
586 4662 667 4710 eedem
685 4675 788 4714 sersetm
820 4665 877 4714 ΒΝ
892 4675 916 4713 et
934 4665 994 4712 AG
1011 4663 1211 4725 perpendiculares
1229 4663 1339 4720 adas,
1358 4657 1446 4706 inillis

164 4722 231 4771 flmdl
248 4724 356 4779 defluus,
376 4722 541 4785 eademque
519 4740 553 4771 ιιι
568 4727 685 4788 gnoitatis
700 4745 753 4792 quoe
765 4730 790 4778 in
822 4728 1050 4791 perpendicutmtus
1066 4743 1109 4788 cap
1110 4727 1187 4776 isotur
1206 4726 1231 4774 D
1248 4726 1278 4783 L,
1298 4726 1320 4773 B
1340 4725 1360 4779 l,
1382 4720 1445 4772 ΔΚ

162 4789 237 4837 basim
249 4788 346 4849 cylindri
358 4787 579 4849 perpendiculariter
586 4791 666 4840 tendat
672 4794 765 4856 ubique
822 4794 974 4843 densitatibus
989 4791 1056 4839 fluidi
1072 4801 1096 4840 et
1094 4743 1139 4839 pD
1150 4791 1182 4850 N,
1201 4791 1266 4848 BT,
1281 4790 1341 4838 AX
1359 4787 1446 4835 viribus
