3202 5446
183 111 469 196 Laces.Morus.]
520 114 763 181 PRINCIPIA
785 115 1157 188 MATHEMATICA.
1431 134 1471 194 ta

173 280 353 346 velocitates
362 281 501 367 partium
513 281 686 347 rotularum
700 281 734 344 in
749 304 826 368 quas
840 281 1073 366 imprimuntur,
1087 285 1285 353 sustinebunt
1298 313 1334 354 se
1346 293 1468 358 mutui).

172 384 226 474 (¹)
239 388 299 454 Vis
323 389 463 454 cochleae
485 389 527 454 ad
548 388 757 474 premendum
782 411 895 474 corpus
921 403 969 453 est
991 390 1029 453 ad
1054 391 1118 455 rim
1143 393 1254 460 mantis
1269 399 1468 466 manubrium

169 497 421 585 circumagenda
444 510 480 560 ut
504 497 664 561 circularis
689 495 837 560 velocitas
861 497 1018 560 manubrii
1043 497 1079 561 ei
1106 499 1139 562 in
1158 513 1250 586 parte
1271 502 1325 566 ubi
1340 525 1468 572 amanu

170 617 310 691 urgetur,
334 603 377 668 ad
401 603 598 668 velocitatem
622 603 853 690 progressivam
875 602 1013 667 cochleae
1038 627 1145 669 versus
1171 629 1285 692 corpus
1313 633 1466 695 pressum.

169 711 228 797 (a)
252 711 348 775 Vires
368 711 484 797 quibus
508 711 637 777 Cuneus
652 723 744 798 urget
757 723 862 795 partes
876 709 955 774 duas
969 710 1048 799 ligni
1062 712 1128 776 fissi
1143 727 1216 777 sunt
1230 715 1271 779 ad
1285 718 1348 782 vim
1362 721 1466 785 mallei

168 819 199 881 in
213 839 362 896 cuneum,
387 832 425 883 ut
439 840 631 906 progressus
652 817 744 881 cunei
766 815 939 881 secundum
955 815 1246 885 determinationem
1259 823 1306 888 vis
1321 849 1341 888 a
1353 827 1467 892 malleo

167 926 200 988 in
221 926 329 1010 ipsum
351 926 523 1010 imprecare,
544 925 586 989 ad
600 924 795 989 velocitatem
811 922 872 1009 qui
886 937 991 1008 partes
1005 924 1084 1012 ligni
1099 926 1215 992 cedunt
1229 951 1338 1010 cuneo,
1356 956 1466 998 secun-

167 1031 242 1099 dum
256 1033 357 1097 lineas
371 1031 510 1098 faciebus
524 1033 617 1097 cunei
637 1031 922 1117 perpendiculares.
967 1030 1011 1095 Et
1023 1054 1082 1116 par
1096 1047 1143 1098 est
1157 1036 1237 1099 ratio
1251 1038 1465 1106 machinarum

169 1141 321 1205 omnium.

208 1248 340 1314 Harum
353 1247 493 1312 efficacia
505 1260 538 1312 et
551 1270 627 1312 usus
642 1247 675 1310 in
690 1268 728 1311 eo
744 1246 812 1310 solo
827 1244 976 1324 consistit,
999 1257 1036 1310 ut
1050 1245 1254 1313 diminuendo
1269 1252 1461 1320 velocitatem

167 1378 339 1444 augeamus
360 1355 437 1434 rim,
460 1368 493 1420 et
516 1368 637 1419 contra:
662 1353 760 1420 Unde
782 1352 912 1417 solvitur
933 1352 967 1415 in
982 1353 1068 1415 omni
1082 1369 1228 1438 aptorum
1242 1357 1464 1427 instrumento-

169 1485 242 1527 rum
255 1484 372 1551 genere
383 1462 556 1548 problema,
580 1464 694 1527 Datum
704 1463 823 1544 pondus
838 1459 911 1522 datr
933 1461 965 1521 vi
984 1462 1126 1538 mendi,
1149 1461 1280 1528 aliamve
1295 1466 1400 1531 datam
1414 1492 1464 1534 re-

168 1569 345 1634 sistentiam
357 1569 388 1633 vi
397 1568 468 1634 dart
484 1567 662 1654 superandi.
700 1568 785 1633 Nam
800 1568 827 1631 si
841 1565 995 1630 machinae
1009 1566 1053 1629 ita
1063 1565 1245 1647 formentur,
1269 1585 1305 1635 ut
1319 1573 1464 1660 velocita-

168 1689 217 1741 tes
232 1677 353 1765 agentis
367 1689 399 1742 et
410 1677 582 1742 resistentis
605 1677 668 1740 sint
688 1674 847 1759 reciproce
869 1687 905 1737 ut
918 1674 1013 1751 vires3
1036 1696 1133 1761 agens
1147 1677 1355 1744 resistentiam
1370 1684 1462 1747 susti·

167 1784 268 1849 nebit:
291 1797 323 1850 et
346 1785 457 1871 majori
479 1807 552 1848 cum
576 1783 774 1848 velocitatum
797 1781 977 1866 disparitate
992 1778 1047 1868 (¹)
1063 1781 1195 1848 eandem
1210 1785 1321 1852 vincet.
1368 1789 1462 1856 Certe

164 1894 193 1958 si
217 1904 305 1958 tanta
325 1893 368 1958 sit
391 1891 591 1957 velocitatum
614 1891 789 1977 disparitas,
812 1903 850 1955 ut
872 1891 1014 1954 vincatur
1039 1889 1133 1954 ctiam
1155 1891 1330 1959 resistentia
1349 1899 1460 1977 omnis,

162 2076 228 2110 raam
249 2060 408 2115 velocitatem
431 2075 475 2108 reu
497 2060 522 2107 in
539 2059 641 2121 spatium
657 2058 722 2122 quod
743 2058 798 2106 dato
829 2057 903 2104 lineas
920 2056 1024 2104 faciebus
1040 2057 1109 2104 cunei
1120 2059 1330 2118 perpendiculares„
1366 2064 1460 2119 Quoni.

162 2138 265 2191 tmpore
275 2124 410 2173 recundirm
420 2124 539 2186 propriam
549 2124 702 2172 directiomm
711 2139 738 2171 ex
750 2124 797 2170 dis-
829 2137 868 2168 am
885 2120 959 2184 igitur
975 2136 1065 2168 cuneus
1083 2137 1156 2185 agenr
1167 2123 1297 2171 secuudum
1313 2125 1399 2174 lineam
1410 2131 1460 2178 basi

160 2192 275 2254 pitiana
303 2189 422 2237 maehina
439 2203 574 2250 pmcurrere
592 2180 668 2244 debet,
689 2188 797 2236 omnium
828 2186 902 2247 ipsius
912 2185 1133 2246 perpendicularem,
1145 2196 1219 2235 totam
1230 2204 1297 2236 suam
1311 2190 1460 2242 altitudinem

159 2255 323 2305 arminium
334 2255 396 2301 viras
405 2253 483 2301 metiri
494 2253 555 2301 licet.
829 2250 950 2312 percurrit
967 2249 1027 2297 dum
1042 2261 1119 2311 partes
1134 2251 1193 2314 ligni
1209 2252 1259 2300 tari
1274 2255 1335 2301 basis
1345 2258 1414 2305 cunei
1425 2258 1459 2306 la-

188 2321 219 2387 (1)
234 2325 291 2369 102.
303 2319 349 2365 Via
356 2317 660 2378 cochleaadpremendum
668 2326 797 2378 corpusest
830 2314 930 2363 titudine
941 2330 955 2361 a
966 2315 1101 2361 seinvicem
1118 2327 1274 2371 removentur,
1294 2320 1338 2366 erit
1356 2322 1392 2396 (iu
1402 2337 1458 2370 caru

158 2383 188 2433 ad
201 2385 252 2433 aim
267 2383 358 2432 manha
379 2383 531 2430 manubrIum
554 2382 739 2445 circumagentis,
765 2391 793 2428 ut
825 2378 960 2442 aequilibrii)
979 2378 1014 2424 vie
1035 2379 1104 2425 cunei
1121 2379 1153 2427 ad
1174 2379 1233 2443 ligni
1254 2383 1413 2442 resistenuam,
1431 2400 1459 2436 ut

156 2448 277 2499 circakrir
294 2447 408 2496 velocitas
423 2446 543 2495 manubrii
561 2446 590 2494 eri
604 2447 630 2493 in
645 2457 711 2507 parte
726 2446 767 2494 ubi
778 2462 793 2493 a
828 2443 899 2491 cunei
909 2442 1009 2490 altitudo
1020 2442 1050 2490 ad
1060 2442 1209 2492 latitudinem
1220 2445 1293 2506 ipsius
1303 2448 1370 2496 basia

156 2529 230 2563 narr
255 2522 366 2576 urgetur,
394 2511 426 2559 ad
452 2511 597 2559 velocitatem
623 2511 792 2573 progressivam
858 2507 896 2583 (1)
916 2512 968 2554 104.
985 2507 1135 2554 Attritionem
1148 2509 1340 2566 scortatorem,
1353 2513 1457 2578 aliasque

156 2578 259 2627 nabin
272 2592 357 2625 matra
370 2591 579 2637 corpuspreasum.
615 2575 680 2624 Nam
695 2575 792 2622 airesis-
824 2574 965 2619 resistendas
985 2587 1015 2617 er
1036 2571 1145 2626 crassitie,
1173 2573 1291 2635 rigiditate
1311 2587 1336 2624 et
1361 2579 1457 2628 funium

155 2644 231 2691 math
240 2642 346 2704 emporia
361 2639 532 2702 comprimendi
547 2650 576 2688 ut
586 2639 681 2700 pondua
697 2655 792 2687 moran·
825 2636 925 2683 flexione
935 2645 997 2682 ortas
1008 2636 1032 2681 in
1044 2636 1159 2682 machinis
1173 2638 1319 2687 considerare
1335 2657 1457 2692 necessum

155 2707 218 2755 <lum
237 2705 408 2758 consideratur,
431 2706 475 2752 erit
498 2704 567 2769 (101)
589 2713 737 2751 momentum
760 2705 793 2751 via
825 2711 866 2754 est.
879 2715 960 2763 graver
970 2699 1110 2762 alioquinin
1121 2701 1188 2762 praxi
1199 2717 1286 2750 errores
1297 2718 1453 2756 nascerentur.

155 2772 310 2821 mahtim
325 2768 514 2833 circumagentis,
531 2780 559 2817 ut
574 2769 664 2816 iactum
675 2784 703 2816 er
714 2768 738 2815 ri
748 2768 789 2816 illi
856 2765 928 2812 Hanc
938 2764 1057 2811 difficilem
1075 2765 1198 2812 materiam
1221 2768 1345 2825 sturmius,
1360 2771 1456 2820 Leihni.

155 2835 186 2882 in
200 2850 267 2884 m
281 2834 440 2888 velocitatem,
457 2843 482 2881 et
496 2845 643 2881 momentum
654 2834 790 2880 resistentia
822 2831 870 2877 tius
883 2830 1050 2885 Amontouius,
1070 2828 1201 2886 Parentius,
1220 2832 1395 2883 La·1·liriuset
1416 2837 1456 2886 eiii

155 2898 286 2948 attactam
301 2915 330 2947 ex
347 2898 478 2946 resistemii
488 2899 513 2944 in
524 2913 591 2945 suam
601 2913 695 2960 quoque
706 2898 790 2945 veloci-
823 2903 959 2943 tractarunt.
1003 2893 1157 2956 Bulfingerus
1169 2896 1231 2942 Torn
1248 2903 1283 2944 20·
1319 2900 1452 2950 Commeat.

154 2973 244 3019 tatem
257 2974 287 3012 rat
302 2962 363 3026 ergd
380 2964 411 3010 ait
430 2962 592 3025 aequilibrium,
610 2961 680 3010 debet
695 2978 743 3009 ease
754 2978 790 3009 ra-
825 2958 900 3007 Acta
913 2957 1031 3018 Petropol.
1043 2959 1217 3006 adtentandarn
1225 2962 1390 3022 experimentis
1398 2965 1454 3014 rric-

154 3027 354 3077 simiindvim
363 3027 455 3083 mauis,
465 3037 493 3074 ut
501 3027 619 3074 circularia
625 3026 734 3082 velocitas
740 3043 790 3074 ma·
822 3025 915 3072 tionum
927 3038 1062 3069 mensuram
1073 3023 1121 3069 duo
1128 3025 1236 3084 proponit
1246 3026 1389 3075 theoremata
1400 3046 1453 3092 quar

153 3093 204 3140 nita
218 3091 249 3140 ad
257 3092 409 3141 velocitatem
420 3092 563 3147 resistentia,
580 3094 628 3139 aire
639 3090 670 3138 ad
680 3091 789 3140 velocita-
822 3091 853 3136 ob
863 3103 945 3134 eorum
956 3087 1092 3134 facilitatem
1103 3098 1127 3134 et
1138 3104 1209 3135 usum
1219 3090 1257 3137 hic
1266 3094 1393 3141 exscribere
1405 3110 1453 3142 non

151 3156 789 3284 &mttffittthtttiit
822 3152 963 3201 amen.

150 3285 244 3351 ῥιπὰς
256 3296 361 3336 ecentro
371 3286 473 3334 cochlea
480 3301 555 3348 usqtm
563 3285 592 3331 ad
601 3300 699 3332 manum
708 3300 788 3346 eump-

151 3365 185 3403 11.
197 3351 256 3400 tltm
265 3353 359 3400 intem
369 3350 464 3399 cochlea
474 3365 516 3412 per
526 3349 676 3397 altitudinem
687 3365 728 3396 seu
740 3351 788 3397 dis-

151 3416 252 3465 mtiam
267 3417 373 3466 ἆυπαω
383 3415 488 3464 helicum
497 3414 655 3477 progreditur,
673 3414 708 3460 ris
718 3416 787 3462 coch.

150 3479 200 3531 lac
216 3481 246 3530 ad
264 3479 423 3544 prunendum
441 3494 526 3541 corpus
544 3479 588 3526 erit
603 3478 788 3526 advimmauits

151 3548 307 3596 marium
327 3545 508 3621 circinnagentir
523 3553 551 3590 ut
564 3543 697 3605 peripheria
706 3543 787 3590 circuli

151 3611 268 3725 m
284 3609 353 3658 radio
367 3609 477 3671 deacrrptt
487 3608 518 3656 ad
533 3608 668 3655 &mutiam
684 3609 786 3655 duarum

184 3738 226 3804 (ἱ)
249 3745 302 3788 105.
325 3738 479 3787 Momentum
500 3737 570 3785 cunei
592 3745 627 3784 ert
647 3746 675 3784 ut
696 3736 786 3784 fectum

152 3807 235 3867 (101),
251 3820 282 3852 ex
293 3804 317 3851 ri
334 3803 446 3864 imprerai
463 3818 477 3849 a
492 3801 578 3849 malleo
594 3802 619 3848 in
635 3801 705 3848 cunei
722 3802 785 3849 velo-

151 3871 256 3922 citatem.
272 3867 465 3929 minspau’um
509 3866 785 3926 oddatotemporeper·

152 3933 325 3982 turicum
334 3931 467 3980 aecuudhm
491 3931 627 3978 'rectionem
636 3931 670 3977 ria
677 3946 692 3977 a
698 3930 785 3977 malleo

151 3998 286 4061 'mr-t
312 4007 462 4045 momentum
486 3995 540 4043 verti
566 3996 703 4043 resistentia
725 3995 784 4057 ligni

151 4077 231 4111 mea
246 4061 354 4110 emmer
370 4071 406 4108 eat
420 4070 449 4108 ut
459 4061 547 4108 saeuum
564 4075 593 4107 er
604 4059 645 4107 int
655 4059 785 4107 resistentiri

151 4127 177 4175 ἰ
194 4127 352 4180 velocitatern,
368 4141 416 4189 qua
433 4135 510 4186 partu
526 4124 586 4188 ligni
603 4125 690 4172 redum
708 4139 785 4171 cuneo

151 4191 283 4240 κώπη
292 4193 368 4238 lineas
383 4190 487 4238 faciebus
497 4189 566 4237 cunei
578 4188 785 4249 perpendiculares,
854 4192 930 4254 Superi
944 4194 1088 4241 horizontem
1102 4194 1124 4241 A
1139 4194 1167 4248 C,
1186 4192 1346 4254 experimento
1366 4195 1450 4254 srapiur

150 4255 220 4318 'ped
237 4271 343 4319 quarum
361 4254 601 4314 directionempartea
616 4252 787 4316 ligiriacumo
819 4257 933 4312 instituto,
951 4258 1054 4305 elevetur
1073 4257 1170 4318 planum
1193 4259 1216 4304 A
1239 4259 1268 4313 B,
1286 4259 1316 4306 ad
1334 4273 1364 4305 an
1409 4273 1450 4304 um

154 4332 291 4379 matun
307 4329 345 4367 ut
359 4319 432 4367 etim
450 4328 599 4366 momentum
615 4318 749 4365 mittentia
759 4328 787 4364 ut
822 4323 880 4370 BA
900 4323 927 4375 C,
944 4323 977 4369 ita
995 4333 1023 4369 ut
1034 4322 1053 4368 si
1069 4338 1153 4383 corpus
1171 4322 1242 4383 plano
1261 4324 1284 4369 A
1299 4324 1328 4375 B,
1386 4322 1451 4369 hunc

152 4383 241 4431 finum
262 4399 292 4432 ea
317 4382 447 4432 resistendi
471 4383 530 4447 ligni
546 4383 572 4429 in
599 4382 702 4442 spatium
722 4382 785 4443 quod
818 4386 935 4449 angulum
953 4386 1043 4434 elevato
1061 4388 1201 4447 imponatur,
1224 4384 1314 4434 tantitm
1339 4401 1387 4433 non
1408 4386 1449 4432 de-

153 4448 297 4514 mlitssl
309 4448 366 4497 Μ
376 4458 482 4510 “⁰¹9⁰oe
497 4447 640 4505 milhmin
657 4445 787 4495 mundam
819 4450 928 4510 rcendat;
946 4450 1072 4499 descendat
1094 4451 1203 4499 autemri
1220 4454 1323 4515 angulus
1342 4447 1449 4498 nonnihil
