3188 5444
165 507 225 564 578
433 577 438 584 .
469 487 808 556 PHILOSOPHIAE
834 486 1109 553 NATURALIS
1164 485 1278 568 [Mor.
1299 485 1434 552 Corsos

331 767 616 834 PROPOSITIO
640 765 790 830 XXVII.
837 762 1111 829 THEOREMA
1139 762 1263 828 XXII.

147 948 184 1013 Si
206 947 380 1031 corporibus
391 945 613 1029 surrepeudulis
633 944 786 1006 resistitur
802 944 835 1004 in
850 938 1006 1022 duplicati
1027 941 1148 1002 ratione
1163 942 1364 1016 uelocitatem,
1385 942 1432 1025 dsi-

178 1056 328 1140 sererttiae
350 1055 430 1115 inter
444 1062 578 1133 temporo
595 1053 679 1114 oscill
700 1053 813 1114 tionum
829 1052 862 1113 in
877 1051 1146 1113 medioresistente
1160 1072 1199 1112 ac
1213 1061 1350 1132 temporo
1363 1053 1432 1113 oscil-

191 1169 337 1231 lotionum
350 1166 382 1227 in
393 1164 518 1247 ptum
530 1165 696 1247 gravitatis
704 1163 848 1245 specifico
858 1163 1027 1224 medionon
1038 1163 1207 1236 resistente,
1224 1171 1316 1222 nunt
1326 1160 1432 1222 arasse

144 1336 146 1341 ,
191 1273 526 1353 oscillentouesmptis
534 1272 779 1352 proportionales
794 1291 882 1353 qrtom
892 1266 1042 1351 proximi.

194 1446 232 1530 (¹)
257 1444 340 1508 Nem
364 1444 507 1528 pendulis
533 1443 703 1530 oequelibus
729 1444 763 1506 in
786 1443 891 1507 medio
920 1442 1083 1506 resistente
1109 1442 1336 1506 describantur
1360 1463 1431 1504 arcus

151 1553 318 1638 inaequales
334 1555 375 1629 A,
393 1553 439 1629 B;
464 1566 496 1617 et
518 1553 692 1616 resistentis
714 1552 854 1636 corporis
873 1551 907 1612 in
929 1573 1004 1614 arcu
1027 1552 1067 1626 A,
1092 1550 1152 1614 erit
1173 1550 1217 1614 ad
1245 1551 1430 1614 resistentiam

185 1750 222 1814 (¹)
235 1756 248 1781 ‘
264 1755 329 1800 Nam
344 1755 452 1815 pendulis
462 1754 590 1812 aeqaolilus
600 1753 706 1800 inmedio
717 1753 782 1798 resis-
814 1750 855 1812 qui
866 1764 923 1812 ergo
933 1749 1060 1811 equalibus
1071 1748 1220 1808 temporibus
1230 1748 1394 1799 desmismtur.
1404 1748 1432 1793 sei

151 1824 211 1864 terite
221 1819 378 1865 &scetantur
389 1834 460 1865 arcus
470 1819 592 1878 inequales
610 1819 633 1863 A
644 1826 665 1862 et
677 1819 707 1868 Β,
728 1819 740 1846 ⁸
752 1814 782 1861 sd
814 1823 907 1873 tempus
917 1829 964 1875 quo
975 1813 1111 1860 describitur
1122 1814 1221 1860 arculus
1232 1828 1247 1859 s
1255 1823 1292 1861 est
1302 1814 1325 1860 T
1334 1814 1365 1877 ψ
1372 1828 1385 1857 s
1392 1827 1433 1874 ergo

153 1879 280 1939 pleniorem
307 1882 378 1943 hujus
402 1881 603 1928 demonstrationis
630 1879 777 1936 evidentiam,
811 1877 970 1925 siresistentia
980 1879 1005 1923 in
1016 1892 1072 1924 arcu
1085 1879 1113 1933 Β,
1122 1877 1194 1924 siseb
1206 1878 1238 1924 sit
1246 1894 1272 1923 m
1284 1879 1308 1923 A
1321 1876 1433 1938 nitetque

151 1942 255 2005 fingetur
264 1944 317 1991 illos
327 1961 394 1992 srcus
404 1947 429 1991 in
440 1945 536 1992 totidem
544 1955 697 2006 partesquam
709 1943 779 1990 mini·
811 1941 920 1990 velocitas
930 1942 983 1988 sits
997 1943 1018 1989 B
1029 1968 1063 1981 -
1072 1958 1096 1987 m
1111 1945 1132 1989 A
1148 1943 1169 1989 Β
1188 1954 1288 2003 tempus
1304 1957 1352 2004 quo
1366 1941 1433 1989 deari-

151 2022 201 2054 mss
211 2009 271 2056 inter
281 2025 305 2056 se
317 2011 416 2071 aequales
427 2009 506 2066 dividi,
523 2009 623 2071 singulte
639 2009 664 2055 in
680 2018 779 2070 utroque
813 2008 882 2054 betur
892 2022 960 2054 arcus
970 2008 985 2053 b
996 2006 1040 2053 erit
1050 2006 1121 2053 etiam
1134 2007 1156 2052 'l
1168 2007 1204 2071 ÷
1220 2023 1243 2053 x.

152 2087 206 2118 arcu
225 2082 294 2120 eruut
312 2076 367 2120 totis
385 2077 484 2121 arcubus
502 2073 683 2134 proportionales
698 2073 777 2119 dicen-
845 2071 908 2118 Cum
924 2080 1003 2118 sutem
1019 2071 1096 2117 reveri
1113 2072 1250 2118 resistentis
1268 2071 1340 2117 initio
1354 2072 1434 2117 mh

152 2145 235 2197 turque
246 2154 259 2183 a
271 2139 328 2191 eth,
347 2139 366 2184 si
383 2138 487 2185 medium
499 2148 598 2183 autnon
610 2137 725 2184 resisteret
740 2145 782 2184 aut
813 2150 861 2182 non
881 2135 910 2182 sit
928 2151 952 2181 m
966 2135 1024 2182 AB
1044 2134 1085 2181 sed
1105 2151 1129 2180 m
1143 2135 1165 2181 B
1181 2136 1214 2192 B,
1235 2136 1255 2181 si
1272 2137 1331 2196 ysit
1346 2150 1435 2182 esoens

153 2201 268 2247 resisteret
278 2201 302 2247 in
312 2202 399 2248 ratione
408 2203 564 2256 velocitatum,
576 2202 706 2248 velocitates
714 2201 781 2247 initio
813 2199 953 2260 tempusculi
970 2199 994 2246 in
1010 2215 1057 2261 quo
1069 2202 1084 2246 b
1094 2198 1239 2246 describitur
1250 2201 1276 2246 in
1288 2198 1368 2246 medio
1382 2199 1433 2245 ιώ

151 2265 317 2324 particulorum
333 2267 467 2328 qusmmvis
482 2266 712 2326 correspondentium
728 2281 743 2312 s
757 2275 782 2312 et
813 2272 878 2311 tente
893 2264 1083 2327 juxtaquadrata
1098 2263 1254 2311 velocitstum
1272 2279 1345 2325 supra
1359 2275 1436 2323 tempo

153 2329 175 2384 b,
194 2330 270 2376 forent
281 2341 308 2376 ut
318 2346 385 2377 srcus
396 2331 438 2390 ipsi
453 2333 508 2376 Aet
521 2331 557 2385 B;
575 2342 598 2376 at
610 2331 633 2375 in
650 2329 728 2376 medio
744 2345 780 2376 re-
813 2343 860 2389 quo
871 2327 933 2375 idem
944 2343 1011 2375 arcus
1022 2329 1046 2374 iu
1057 2328 1136 2375 medio
1147 2344 1197 2375 nou
1216 2330 1342 2376 resistente
1356 2342 1434 2388 percu·

153 2393 247 2439 sistente
257 2393 282 2440 in
293 2395 381 2441 ratione
392 2392 510 2453 duplicati
521 2394 647 2441 velocitatis
663 2394 733 2454 paulo
744 2393 779 2441 di·
812 2392 878 2451 titur,
898 2393 942 2439 erit
960 2403 1051 2453 tempus
1072 2392 1139 2458 T-l-
1152 2407 1167 2438 x
1189 2395 1220 2439 ad
1240 2404 1338 2452 tempus
1356 2393 1435 2455 '145

153 2471 217 2504 versa
228 2457 271 2504 erit
281 2459 331 2505 hoec
340 2458 486 2505 velocitatum
499 2459 563 2514 ratio,
576 2458 616 2504 sed
627 2469 719 2518 propter
730 2459 779 2505 exi-
812 2457 927 2518 reciproce
937 2456 997 2503 siem
1007 2456 1115 2504 velocitas
1126 2473 1140 2502 v
1153 2457 1176 2504 B
1188 2484 1224 2496 -
1235 2474 1260 2504 m
1274 2461 1297 2505 A
1308 2458 1434 2519 Bomp-

153 2536 224 2583 guam
232 2522 345 2568 rationem
352 2523 486 2569 resistentie
494 2522 523 2568 ad
533 2522 684 2578 velocitatem,
692 2522 781 2587 negligi
812 2524 948 2581 ponebatur,
965 2521 994 2568 ad
1006 2521 1149 2568 velocitatem
1161 2537 1177 2566 v
1193 2523 1216 2569 Β
1228 2549 1261 2559 -
1274 2538 1300 2569 m
1316 2524 1336 2569 B
1351 2523 1379 2575 B,
1393 2523 1433 2567 erit·

154 2589 237 2645 poterit
248 2587 297 2632 hec
309 2586 445 2643 differentia,
462 2599 486 2633 et
495 2586 595 2646 supponi
607 2596 681 2647 potest
697 2587 781 2634 veloci·
812 2602 859 2649 que
874 2585 928 2634 idad
943 2601 957 2630 v
970 2586 992 2632 B
1003 2613 1035 2624 -·
1046 2601 1069 2632 m
1084 2586 1105 2633 B
1119 2587 1141 2633 B
1152 2585 1186 2632 sd
1197 2602 1212 2632 v
1227 2588 1250 2634 Β
1261 2614 1299 2624 -
1310 2603 1335 2633 ιιι
1348 2589 1368 2632 A
1382 2586 1434 2632 B:

152 2660 212 2695 tates
223 2665 316 2696 manere
328 2651 351 2695 in
362 2651 450 2698 mtioue
461 2666 558 2697 arcuum
575 2666 645 2713 quam
661 2651 780 2711 proxim&
814 2649 837 2697 T
848 2652 881 2716 -Ι-
894 2665 917 2707 x,
929 2650 959 2697 ad
972 2650 1037 2714 Τ-Ι-
1047 2666 1070 2711 y,
1087 2665 1141 2698 curn
1153 2665 1216 2713 ergo
1239 2650 1367 2700 suuntur
1375 2665 1434 2712 ιμ-

153 2713 215 2775 quod
235 2715 254 2759 si
273 2714 305 2760 ita
325 2727 470 2775 supponatur
489 2718 615 2763 resistentis
635 2719 734 2777 corporis
755 2719 781 2765 in
813 2715 906 2762 titutum
919 2731 942 2761 m
956 2715 977 2761 Β
991 2716 1022 2771 Β,
1039 2729 1062 2760 m
1077 2716 1099 2761 A
1114 2714 1136 2761 Β
1152 2731 1183 2762 ex
1196 2716 1324 2763 velocitate
1339 2731 1353 2760 s
1365 2715 1434 2783 Bpo-

152 2778 233 2840 quovis
241 2791 406 2840 prunetoorcus
415 2783 488 2827 Aerit
498 2784 528 2826 od
539 2782 691 2827 resistentium
703 2797 781 2842 coqu·
813 2779 884 2826 duest
901 2794 1007 2826 excessus
1023 2788 1097 2839 xety
1114 2794 1187 2837 supra
1204 2791 1303 2840 tempus
1316 2781 1345 2836 Τ,
1360 2786 1434 2839 Μ

152 2843 783 2969 Attttttt‘tttttt‘ttsstttssttttttlttt
814 2842 1433 2968 iiiiuliffiammssxssuitii’iiii

1012 2941 1019 2962 ἱ

153 2986 234 3018 eorum
246 2988 351 3030 mcuum,
371 2973 396 3020 id
412 2985 446 3020 est
462 2985 489 3021 ut
505 2977 618 3037 quadrato
630 2976 731 3035 ipsorum
742 2992 781 3021 ar.
816 2974 839 3019 A
851 2972 880 3020 sd
894 2973 923 3027 Β,
936 2987 991 3033 ergo
1005 2975 1070 3018 Aest
1080 2971 1109 3018 sd
1124 2972 1153 3027 B,
1166 2973 1232 3019 siem
1243 2984 1305 3021 xest
1315 2968 1432 3034 91],ίῶ

152 3052 226 3084 cuum
237 3040 260 3084 A
273 3040 296 3085 A
305 3048 326 3084 et
340 3042 362 3086 B
374 3042 397 3086 B
407 3056 479 3101 qoam
492 3038 600 3100 proximi.
639 3039 782 3100 Designetur
813 3053 859 3100 que
870 3052 976 3084 excessus
987 3051 1000 3081 x
1013 3039 1123 3096 temporis
1133 3051 1205 3083 arcus
1221 3040 1242 3085 A
1256 3038 1284 3084 in
1296 3035 1431 3085 mediores's·

152 3114 207 3147 vero
225 3101 332 3148 velocitas
350 3102 417 3149 initio
434 3119 501 3150 arcus
517 3119 531 3149 s
546 3117 587 3162 per
598 3118 612 3147 v
627 3103 657 3158 A,
674 3113 697 3147 et
714 3103 780 3150 initio
812 3111 875 3148 tente
886 3102 911 3147 in
922 3100 1040 3160 duplicatis
1056 3101 1145 3148 ratione
1162 3101 1299 3149 velocitat'n
1309 3118 1377 3162 supra
1386 3112 1432 3147 to

152 3179 220 3211 arcus
235 3168 324 3225 bperv
337 3167 366 3212 B.
405 3168 548 3229 Designetur
567 3182 634 3225 porro
653 3167 780 3215 resistentia
812 3182 857 3226 pus
873 3166 897 3212 iu
914 3165 995 3212 eodem
1012 3180 1067 3211 utcu
1082 3172 1104 3210 A
1117 3167 1142 3210 iu
1153 3166 1238 3212 medio
1254 3182 1307 3214 non
1324 3167 1431 3217 Μ

152 3227 220 3275 initio
238 3245 331 3276 arcusa
347 3247 388 3290 per
404 3247 426 3275 m
443 3237 462 3277 A
480 3234 510 3286 A,
530 3241 553 3278 et
570 3230 696 3278 resistentis
713 3231 780 3278 initio
811 3230 885 3278 estad
897 3244 1015 3277 excessum
1031 3245 1047 3289 y
1063 3229 1175 3289 temporis
1195 3246 1268 3277 arcus
1287 3232 1310 3279 B
1326 3231 1351 3277 iu
1365 3230 1431 3277 soh

152 3307 220 3340 orcus
239 3296 254 3341 b
273 3309 314 3353 per
329 3310 353 3339 m
368 3296 388 3341 Β
403 3295 438 3350 Β;
459 3296 483 3341 in
500 3295 577 3342 medio
596 3311 642 3341 non
662 3295 780 3343 resistente
811 3295 890 3341 medio
906 3310 975 3354 supra
990 3303 1082 3353 tempus
1093 3295 1118 3339 in
1128 3294 1217 3341 eodem
1228 3311 1289 3342 arcu
1304 3296 1360 3343 Bin
1370 3293 1432 3341 mede

152 3357 299 3417 tempuscula
318 3359 404 3419 quibus
424 3356 524 3422 singulte
546 3359 664 3419 particulis
684 3376 697 3405 a
718 3372 742 3407 et
763 3362 779 3407 b
812 3374 859 3405 non
871 3360 994 3409 resistente.
1007 3369 1033 3405 ut
1044 3374 1111 3404 srcsxs
1125 3359 1146 3404 A
1161 3359 1194 3405 sd
1206 3375 1292 3406 arcum
1307 3361 1337 3418 Β,
1347 3372 1432 3422 emp!

152 3419 310 3469 describentur
321 3433 390 3468 erunt
400 3424 505 3484 equalis,
519 3428 571 3486 (per
584 3424 653 3483 Prop.
670 3424 706 3470 11.
723 3425 775 3472 Lib.
810 3422 872 3470 idem
895 3424 1041 3470 ratiocinium
1061 3423 1086 3468 in
1109 3423 1224 3470 omnibus
1243 3427 1348 3472 arcubus
1364 3436 1431 3487 qun·

154 3485 191 3545 l.)
203 3486 354 3549 designentur
364 3485 418 3532 verd
429 3504 470 3547 per
481 3489 518 3545 Τ,
535 3503 589 3534 com
602 3503 657 3550 ergo
668 3488 692 3534 iu
701 3488 779 3536 medio
810 3488 913 3534 minimis
924 3504 938 3534 a
948 3490 996 3535 etb
1007 3486 1106 3533 instituti
1118 3488 1201 3546 possit,
1220 3504 1325 3536 summas
1340 3487 1430 3536 main

151 3551 369 3611 resistentepropter
378 3550 521 3599 velocitatem
528 3552 676 3598 imminutum
685 3552 791 3617 lougius
810 3567 946 3598 excessuum
964 3551 1164 3611 tempusculorum
1184 3552 1211 3598 in
1229 3569 1288 3600 arcu
1309 3557 1340 3609 A,
1358 3547 1431 3599 eritsl

153 3613 194 3662 fist
204 3625 296 3676 tempus
307 3616 331 3660 in
344 3614 433 3662 inversi
450 3617 538 3663 ratione
554 3617 703 3663 velocitatem
720 3631 747 3664 ut
762 3634 778 3665 x
809 3632 926 3663 summam
937 3616 1042 3664 omniurn
1054 3630 1195 3662 excessuum
1207 3614 1430 3678 tempuseutoesnh

152 3693 259 3726 excessus
273 3678 313 3726 ille
329 3680 467 3740 tempusculi
483 3696 530 3741 quo
541 3696 608 3727 arcus
618 3697 632 3727 a
643 3681 779 3728 describitur
810 3696 864 3727 srcu
878 3682 900 3728 B
912 3691 939 3728 ut
951 3683 973 3727 A
986 3680 1016 3727 ad
1026 3681 1055 3727 B.
1091 3680 1122 3735 Q
1136 3695 1157 3726 e.
1173 3679 1198 3727 d.

152 3741 178 3789 in
188 3743 266 3791 medio
276 3743 395 3790 resistente
403 3759 471 3804 supra
480 3745 652 3805 tempusculum
660 3761 707 3808 quo
715 3746 778 3792 idem
843 3750 857 3774 θ
872 3745 943 3800 Quod
951 3759 1058 3793 excessus
1066 3759 1079 3789 x
1088 3755 1111 3791 et
1120 3747 1352 3806 ytempusculorum
1361 3746 1430 3808 nub

152 3821 220 3855 arcus
230 3809 255 3855 in
266 3808 344 3855 medio
354 3823 402 3855 non
418 3810 536 3856 resistente
552 3810 693 3868 percurritur
709 3812 776 3857 habe·
810 3808 972 3856 describuntur
987 3823 1054 3855 arcus
1070 3823 1084 3853 a
1100 3819 1124 3856 et
1140 3810 1163 3862 b,
1185 3809 1212 3855 in
1230 3811 1314 3858 medio
1329 3813 1430 3858 redens

152 3871 260 3934 biturque
267 3887 294 3919 ex
304 3872 488 3935 hypothesibuss
501 3875 594 3920 A-m
606 3877 627 3919 A
639 3876 675 3921 A:
689 3890 703 3919 v
714 3876 778 3920 A=
806 3873 876 3935 juxte
896 3875 1007 3921 renonem
1025 3872 1170 3932 duplicatam
1189 3873 1352 3931 velocitatem,
1374 3885 1429 3931 πμ

154 3937 190 3983 T:
203 3939 225 3985 T
237 3938 269 4002 ψ
283 3952 305 3983 x.
811 3948 903 3999 tempus
918 3953 965 4000 quo
981 3937 1165 3984 describerentur
1182 3938 1210 3983 in
1227 3941 1311 3986 medio
1322 3954 1367 3986 nou
1376 3936 1427 3984 reio

187 4001 221 4049 Ut
237 4001 367 4049 inveniatur
386 4001 444 4050 rutio
460 4003 530 4066 hujus
549 4018 656 4050 excessus
666 4018 681 4048 x
692 4003 722 4050 ad
738 4020 778 4050 ex.
810 4012 873 4049 tante
884 4003 929 4049 sint
940 4013 967 4050 ut
980 4004 1001 4049 A
1013 4012 1037 4048 et
1047 4002 1076 4056 Β,
1084 4003 1239 4062 ex'superiori
1247 4002 1428 4051 &momen

152 4066 779 4129 eesatuntempusculiquoarcusdescribiturinmedio
810 4067 857 4114 alio
875 4066 945 4113 modo
961 4067 1011 4113 erui
1027 4076 1108 4126 potest.
1146 4067 1214 4113 Nam
1225 4070 1375 4116 mmmm
1386 4079 1427 4127 qs!

152 4132 272 4178 resistente
283 4131 412 4179 secundum
429 4133 504 4194 legem
518 4132 659 4191 duplicatam
670 4132 776 4180 velocita-
809 4131 857 4178 illic
868 4147 1017 4192 posueramus
1028 4142 1068 4177 est.

152 4196 189 4250 tis,
209 4211 279 4255 supra
294 4196 465 4256 tempusculum
479 4197 508 4253 Τ,
526 4211 574 4258 quo
592 4196 654 4241 idem
670 4211 737 4243 meus
753 4197 777 4242 in
841 4211 855 4240 s
869 4198 890 4242 A
903 4212 970 4241 -m
984 4196 1005 4241 A
1020 4197 1041 4241 A
1056 4215 1061 4241 :
1076 4210 1090 4239 v
1104 4196 1125 4241 A
1138 4214 1176 4241 =
1188 4197 1225 4245 T:
1239 4194 1427 4263 T-t-xeesim

152 4258 231 4306 medio
249 4276 297 4308 non
319 4261 437 4308 resistente
458 4261 612 4321 percurritur3
635 4272 779 4321 supponatur
810 4260 880 4307 simili
891 4261 979 4307 radone
990 4275 1003 4304 v
1016 4260 1111 4307 n-us
1122 4260 1144 4307 B
1156 4261 1197 4307 B:
1208 4277 1223 4305 v
1235 4262 1301 4309 B:
1312 4265 1348 4311 T:
1358 4259 1426 4322 ΤΗ

152 4338 232 4369 arcum
247 4325 267 4370 B
279 4327 303 4371 in
315 4325 355 4371 tali
372 4325 450 4372 medio
465 4324 561 4371 describi
574 4336 600 4371 ut
610 4325 737 4371 resistentis
753 4327 778 4370 in
811 4335 834 4372 et
844 4324 969 4371 dividendo
980 4324 1005 4369 in
1017 4334 1116 4386 utraque
1128 4328 1284 4386 proportione
1295 4328 1322 4374 At

152 4388 245 4447 punctis
256 4405 270 4434 s
280 4389 347 4436 arcies
361 4392 391 4444 A,
409 4390 438 4437 sit
448 4389 478 4436 sd
489 4390 639 4436 musonem
652 4389 676 4434 in
687 4390 779 4448 punctis
905 4405 919 4435 s
933 4390 955 4434 A
966 4404 1033 4434 -m
1049 4389 1070 4434 A
1086 4393 1108 4434 A
1122 4408 1128 4434 ι
1142 4404 1169 4434 m
1186 4396 1207 4436 A
1225 4395 1245 4438 A
1259 4412 1296 4438 =
1310 4392 1373 4440 Tst

152 4453 383 4512 correspondentibus
399 4453 492 4501 barcits
505 4454 532 4506 Β.
551 4454 611 4500 sicut
625 4455 645 4499 A
658 4455 732 4500 estad
748 4455 776 4510 B,
905 4468 918 4497 s
932 4455 951 4499 B
967 4479 999 4491 -
1010 4468 1034 4498 m
1047 4453 1069 4499 Β
1090 4453 1112 4500 Β
1125 4473 1130 4500 :
1144 4469 1171 4500 m
1187 4456 1210 4503 B
1230 4457 1253 4504 B
1265 4477 1301 4503 =
1314 4458 1352 4505 T:
1364 4470 1384 4516 y.

152 4513 252 4578 idebque
262 4518 323 4565 sicut
333 4518 465 4565 velocitates
480 4519 547 4565 initio
562 4533 659 4564 arcuum
675 4517 777 4574 illorum,
813 4517 858 4565 Sed
880 4521 910 4565 ob
932 4518 1081 4579 exiguitatem
1103 4519 1245 4567 resistentie
1269 4521 1389 4568 utorium
1402 4531 1430 4561 π·

151 4580 200 4627 sive
218 4596 273 4625 cum
290 4583 417 4629 resistentia
433 4583 457 4628 in
469 4599 483 4629 a
494 4583 556 4629 sitm
571 4583 593 4628 A
608 4588 630 4628 A
651 4583 779 4628 resistentia
811 4594 891 4642 spectu
911 4580 997 4628 assumi
1014 4591 1090 4640 potest
1109 4598 1123 4626 s
1138 4585 1161 4629 A
1175 4611 1209 4622 -
1219 4601 1243 4631 m
1258 4589 1282 4633 A
1298 4589 1319 4633 A
1337 4599 1396 4647 pros
1408 4586 1430 4626 A.

150 4644 316 4706 inblingatur
327 4662 376 4692 esse
387 4662 411 4692 m
425 4648 448 4692 A
463 4648 492 4703 Β,
509 4647 562 4694 edm
577 4662 634 4708 ergo
645 4647 779 4693 resistentie
811 4657 835 4693 et
854 4663 866 4691 v
887 4648 950 4693 Β-
961 4661 985 4691 m
999 4646 1019 4692 B
1039 4646 1061 4692 Β
1081 4663 1125 4706 pro
1143 4663 1157 4694 v
1178 4650 1210 4705 B,
1235 4651 1303 4699 unde
1323 4662 1357 4698 est
1376 4658 1432 4712 ew

151 4710 198 4758 sint
224 4709 247 4754 in
277 4708 325 4769 ipsi
353 4711 441 4758 ratione
468 4712 622 4766 sciscitatum,
648 4711 779 4757 velocitates
811 4711 916 4772 proxime

151 4773 251 4836 deruptis
266 4774 399 4821 resistentiis
415 4778 544 4823 manebunt
553 4776 578 4822 in
589 4774 671 4822 eidem
682 4775 778 4830 ratione,
908 4791 921 4819 v
935 4775 956 4820 A
970 4793 975 4819 :
990 4789 1013 4820 m
1029 4776 1050 4821 A
1068 4776 1089 4821 A
1102 4795 1137 4821 =
1151 4777 1194 4824 T:
1210 4795 1225 4825 x

150 4838 175 4887 in
186 4839 276 4887 ratione
287 4852 372 4897 nempe
383 4853 480 4887 mutum
488 4839 689 4888 describendorum
701 4855 715 4885 a
725 4842 778 4896 etb,
907 4855 921 4884 s
934 4839 955 4886 B
968 4857 974 4885 ι
989 4854 1012 4883 m
1027 4839 1049 4886 Β
1064 4839 1133 4886 B=
1148 4842 1172 4888 Τ
1185 4863 1191 4890 :
1207 4854 1255 4903 pet
1265 4837 1428 4902 mumadam
