3202 5446
391 858 593 942 INDEX
621 865 1118 949 PROPOSITIONUM

565 1088 695 1154 LIBRI
721 1089 937 1158 SECUNDI.

691 1286 814 1303 m

239 1454 344 1503 PROP.
365 1455 388 1503 1.
423 1456 561 1505 THEOR.
582 1457 603 1505 1.
686 1417 724 1459 η

113 1537 226 1598 Corporis,
238 1539 276 1585 cui
288 1539 400 1585 resistitur
408 1539 432 1586 in
441 1541 528 1588 ratione
537 1541 670 1600 velocitatis,

142 1614 220 1649 motus
230 1618 257 1649 es
270 1602 399 1650 resistentii
409 1606 514 1662 amissus,
532 1618 568 1653 est
582 1617 669 1668 utspv

805 1458 887 1519 primia
897 1458 994 1517 inversi,
1011 1460 1119 1510 smittent
1134 1473 1209 1524 pertas
1224 1473 1332 1514 motuum
1350 1430 1387 1469 ω

807 1523 990 1584 proportionales
1005 1527 1065 1579 totis,
1082 1537 1106 1573 et
1116 1529 1190 1588 spatis
1205 1530 1334 1579 describent

807 1589 949 1648 temporibus
968 1589 1017 1636 istis
1032 1601 1056 1637 et
1078 1591 1237 1641 velocitatibus
1254 1595 1335 1657 primis
1413 1637 1415 1640 ,

142 1666 201 1714 tium
212 1668 329 1714 movendo
345 1669 477 1716 coniectum
480 1704 667 1721 ..................
688 1685 738 1733 437
795 1652 949 1715 'wniunciim
963 1655 1142 1714 Pf⁰P⁰¹¹i⁰⁰⁸¹i⁸
1144 1690 1332 1709 ··················
1351 1665 1395 1714 466

131 1801 134 1805 ›
230 1773 334 1822 PROP.
351 1775 387 1823 11.
423 1774 561 1824 THEOR.
575 1776 613 1824 11.

113 1859 138 1907 Si
148 1859 235 1919 corpori
247 1859 359 1906 resistitur
369 1860 394 1906 in
406 1861 494 1907 ratione
502 1860 635 1918 velocitatis,
647 1872 671 1909 et

143 1922 205 1969 idem
222 1923 271 1970 soli
283 1924 304 1968 vi
316 1923 387 1971 insiti
396 1940 438 1984 per
448 1924 552 1971 medium
568 1926 670 1974 similare

142 1997 479 2041 moveatur,sutnanturautem
486 2001 669 2052 ternporsoequa-

142 2051 186 2098 lia:
206 2053 337 2099 velocitates
352 2053 376 2098 in
394 2054 513 2113 principiis
523 2055 669 2116 singulorum

142 2126 273 2176 temporum
290 2118 385 2164 suntin
402 2121 561 2180 progressione
575 2135 670 2182 geome-

141 2181 206 2232 trici.
227 2191 251 2228 et
268 2181 341 2240 spstis
357 2182 456 2244 singulis
472 2184 614 2242 temporibus
629 2183 668 2230 de-

141 2246 226 2306 scripta
240 2256 296 2292 suut
307 2256 333 2292 ut
344 2246 476 2294 velocitates
476 2281 665 2297 ..................
673 2246 728 2296 ibid.

233 2349 338 2398 PROP.
355 2350 407 2397 ΙΙΙ.
445 2350 575 2399 PROBL.
590 2352 612 2399 1.

113 2435 671 2558 cmiiiuiieldtitiscaetdffffiulirim

143 2566 207 2610 tione
228 2565 360 2621 velocitatis,
382 2566 490 2628 quodque
511 2569 541 2613 ab
560 2567 669 2614 uniformi

871 1753 976 1802 PROP.
992 1756 1069 1804 vttt.
1106 1757 1242 1808 THEOR.
1258 1760 1305 1809 Vl.

777 1839 802 1887 Si
812 1855 896 1900 corpus
906 1840 931 1887 in
942 1841 1019 1889 medio
1029 1843 1147 1899 uniformi,
1159 1845 1270 1908 grentate
1281 1846 1335 1894 uni·

806 1904 911 1952 formiter
917 1907 1075 1968 agente,recti
1081 1908 1189 1956 ascendat
1196 1912 1231 1956 vel
1240 1910 1335 1958 descen·

806 1969 853 2024 dut,
870 1980 894 2016 et
904 1971 1005 2030 spatium
1016 1982 1092 2018 totum
1102 1973 1243 2034 descriptum
1254 1975 1336 2022 distin·

806 2034 1123 2097 gusturiupartesaequales,
1136 2038 1207 2100 inque
1217 2039 1336 2101 principiis

806 2098 952 2160 singularum
971 2102 1072 2159 partium
1094 2101 1212 2163 (sddeudo
1228 2106 1334 2151 resisten-

806 2162 861 2208 tiam
873 2162 942 2209 medii
951 2163 981 2210 ad
988 2165 1035 2210 vim
1045 2165 1170 2228 gravitatis,
1183 2167 1334 2228 qusndooor·

806 2241 851 2285 pus
858 2227 969 2285 ascendit,
976 2228 1013 2274 sel
1021 2229 1173 2277 subducendo
1180 2232 1252 2291 ipsam
1259 2248 1335 2294 quau-

806 2290 837 2336 do
847 2306 931 2351 oorpus
946 2292 1076 2352 descendit)
1094 2295 1260 2355 investigentur
1275 2297 1335 2344 vires

806 2356 934 2413 absolutas,
952 2356 1005 2403 dico
1014 2358 1078 2419 quod
1090 2359 1150 2404 vires
1160 2359 1207 2405 ille
1222 2359 1335 2409 absoluta

806 2430 861 2466 suut
871 2418 896 2466 iu
907 2422 1067 2483 progressione
1076 2421 1223 2484 gwmetrici.
1227 2456 1333 2475 ..........
1351 2430 1399 2477 473

878 2529 980 2578 ritor.
995 2529 1045 2578 1-x.
1082 2532 1218 2582 THEOR.
1232 2534 1296 2582 v11.

143 2631 255 2692 gravitate
266 2640 369 2692 urgetur,
386 2630 482 2678 delinire
492 2641 583 2678 motum
584 2663 667 2679 ........
690 2634 735 2686 43⁹
776 2613 861 2661 P⁰⁸ffi⁸
868 2614 918 2677 im
928 2616 1096 2674 dimum&
1114 2613 1168 2666 ‘¹30⁰
1177 2619 1240 2681 (ΨΜ
1251 2621 1270 2667 ⁸5
1282 2632 1334 2668 ⁸⁰¹¹·

229 2733 333 2782 ritot’.
348 2735 396 2782 1v.
433 2734 562 2783 PROBL.
580 2733 618 2782 11.

116 2819 196 2868 Posito
211 2819 274 2883 quod
291 2821 325 2867 vis
340 2819 458 2882 gravitatis
469 2819 494 2865 in
504 2818 582 2866 medio
592 2818 671 2881 aliquo

144 2885 239 2931 similari
251 2884 375 2931 uniformis
385 2884 421 2938 sit,
430 2899 457 2928 sc
463 2881 543 2929 tendat
550 2884 671 2942 perpendi-

144 2948 252 2995 culariter
267 2946 297 2994 sd
307 2946 404 3007 planum
421 2947 545 2993 horisontis
551 2965 559 3004 ς
575 2945 671 2993 definire

144 3023 236 3059 motum
251 3011 374 3074 projectilis
385 3011 410 3056 itt
421 3009 503 3057 eodem
519 3011 669 3058 menonem

805 2688 886 2742 gentes
904 2681 1046 2743 angulorum
1065 2684 1159 2730 sectoris
1176 2684 1295 2732 circularis
1310 2698 1334 2733 et

805 2744 899 2790 sectoris
912 2746 1053 2805 hyperbolici
1066 2759 1189 2795 sumentur
1208 2749 1335 2796 velocitati-

806 2809 850 2854 bus
859 2809 1049 2868 proportionales,
1066 2811 1180 2858 existente
1191 2812 1256 2859 radio
1263 2815 1334 2876 juste

806 2871 987 2934 magnitudinis:
1008 2875 1051 2921 erit
1070 2885 1163 2934 tempus
1173 2890 1243 2922 omne
1253 2893 1334 2924 ascen·

806 2933 878 2982 dendi
895 2935 925 2982 ad
940 2935 1019 2983 locum
1036 2953 1155 2984 summunt
1167 2949 1194 2986 ut
1204 2941 1333 2987 sectorcir·

806 2999 862 3056 culi,
877 3009 900 3047 et
910 3010 1003 3061 tempus
1012 3017 1082 3049 omne
1093 3002 1246 3050 descendendi
1257 3021 1272 3051 a
1282 3004 1334 3052 looo

145 3077 259 3124 velocitati
270 3074 464 3137 proportionalem
480 3075 594 3135 patientis.
597 3107 669 3123 .......
688 3077 739 3126 ub
806 3078 899 3111 mmm
909 3075 936 3112 ut
946 3076 1019 3113 sector
1029 3067 1329 3128 hyperbole................
1347 3072 1398 3119 sio

228 3181 332 3230 Prior.
350 3181 378 3227 V.
415 3180 551 3230 Tflssott
566 3180 620 3229 III.

116 3269 142 3316 St
158 3269 247 3329 corpori
267 3267 380 3314 resistitur
398 3267 424 3314 iu
442 3265 568 3314 velocitatis
584 3265 672 3314 mione

145 3333 271 3394 duplicati,
288 3344 311 3378 et
322 3332 384 3379 idem
400 3331 449 3378 soli
460 3331 483 3377 ri
492 3331 561 3378 insiti
571 3346 613 3392 per
621 3345 671 3377 me-

146 3397 211 3444 dium
230 3397 330 3472 similsre
345 3406 480 3471 mosestun
497 3394 672 3470 temporajsrti

146 3476 273 3573 litii:
284 3460 672 3588 limittit?

145 3590 198 3638 dieo
214 3591 277 3654 quod
296 3591 427 3637 velocitates
444 3589 511 3635 initio
526 3588 673 3651 singulorum

146 3664 277 3717 temporum
296 3664 352 3701 suut
369 3655 395 3700 in
411 3652 492 3700 eidem
514 3654 672 3716 progressione

146 3717 286 3781 geometrici
297 3719 392 3772 inverse,
413 3729 437 3765 et
451 3717 514 3781 quid
530 3719 604 3778 spatis
619 3729 674 3766 sunt

147 3784 251 3846 qualis,
262 3799 316 3847 que
327 3783 426 3846 siugulis
436 3784 578 3843 temporibus
588 3782 673 3829 deseri.

146 3851 246 3895 buntur..
250 3880 672 3896 ........................................
691 3855 735 3903 461

221 3958 325 4007 PROP.
342 3956 388 4004 vt.
425 3956 562 4004 Timon.
577 3956 623 4004 1v.

117 4040 482 4103 Corpoessphoericahomogenes
492 4051 515 4087 et
526 4039 672 4102 equaliare-

147 4107 254 4154 sistentiis
265 4108 289 4153 iu
298 4105 417 4166 duplicati
427 4107 515 4151 ratione
526 4105 674 4152 velocitatum

146 4171 258 4232 impedita
274 4181 297 4218 et
314 4170 370 4216 solis
385 4169 472 4216 viribus
487 4169 561 4214 insitis
571 4169 672 4226 incitata,

146 4236 288 4296 temporibus
298 4250 351 4298 quse
362 4242 417 4280 sunt
428 4232 542 4293 reciproci
553 4243 580 4280 ut
591 4234 674 4280 reloci-

146 4310 204 4348 tates
210 4302 255 4347 sub
265 4300 339 4356 initio,
352 4299 485 4346 describunt
496 4313 586 4358 semper
596 4313 674 4361 equa

146 4364 178 4412 lis
188 4365 269 4426 spatis,
286 4375 309 4410 et
319 4364 430 4411 amittunt
440 4373 516 4422 partes
527 4362 674 4410 velocitatum

145 4428 327 4490 proportionales
334 4432 388 4475 totis
390 4460 673 4475 ...........................
695 4435 741 4483 466

228 4537 333 4586 Prior.
349 4538 411 4584 Vll.
448 4537 584 4584 THEOR.
597 4537 627 4583 V.

116 4625 219 4686 Corpora
227 4625 337 4700 sphaerica
344 4625 429 4699 quibus
440 4623 551 4670 resistitur
560 4624 585 4733 ip
596 4621 674 4682 dupli-

146 4688 674 4816 tlttttltitlttttllltttl:

895 3169 998 3218 PROP.
1012 3172 1045 3218 X.
1082 3173 1211 3220 PROBL.
1227 3174 1281 3222 111.

776 3252 869 3301 Tendat
884 3254 1008 3301 uniionnis
1023 3256 1058 3302 sis
1073 3259 1190 3320 gravitatis
1201 3257 1288 3306 directi
1304 3259 1333 3306 sd

807 3319 903 3378 planum
920 3319 1052 3377 horizontis,
1070 3323 1145 3385 sitque
1161 3323 1288 3370 resistentia
1304 3333 1332 3369 ut

806 3382 878 3429 medii
894 3382 995 3431 densitas
1010 3396 1033 3431 et
1048 3386 1187 3448 quadratum
1207 3387 1333 3433 velocitatis
1387 3420 1394 3426 ι

807 3448 963 3510 conjunctim:
986 3450 1110 3512 requiritur
1126 3460 1177 3499 tum
1193 3449 1264 3498 tuedii
1275 3449 1332 3497 den-

808 3513 862 3558 sitas
878 3512 902 3557 in
914 3512 969 3558 lucis
979 3514 1084 3577 singulis,
1102 3531 1155 3578 quse
1165 3516 1233 3562 iaciat
1244 3525 1271 3562 ut
1281 3530 1332 3562 cor·

807 3591 851 3638 pus
862 3576 887 3623 iu
898 3575 951 3623 dati
959 3578 1040 3639 quitis
1046 3579 1107 3627 linei
1117 3580 1188 3628 curri
1199 3589 1318 3626 moveatur
1322 3599 1330 3637 ς

807 3651 859 3687 tum
870 3643 972 3702 corporis
987 3643 1094 3692 velocitas
1105 3656 1128 3691 et
1138 3643 1209 3692 medii
1226 3644 1321 3690 resisten

807 3705 874 3752 tisitt
885 3705 1056 3771 locissingulis.
1061 3740 1331 3758 ..........................
1342 3722 1387 3773 437

867 3822 970 3872 PROP.
986 3825 1035 3872 xl.
1070 3824 1206 3873 Trition.
1222 3824 1302 3872 vul.

778 3908 803 3957 Si
812 3909 900 3969 corpori
907 3910 1026 3965 resistitur,
1034 3909 1116 3969 partim
1123 3909 1147 3955 in
1155 3909 1244 3959 ratione
1251 3909 1334 3957 reloci-

809 3973 869 4030 tstis,
878 3975 960 4033 partim
969 3975 992 4021 in
1001 3974 1127 4020 velocitatis
1133 3977 1221 4021 ratione
1227 3974 1333 4034 duplica-

809 4037 840 4093 ti,
850 4038 941 4085 etidem
950 4038 998 4085 soli
1006 4039 1028 4084 ri
1037 4037 1105 4084 insiti
1115 4038 1140 4084 iu
1150 4039 1229 4085 medio
1239 4037 1333 4085 similari

809 4113 929 4150 moretur:
954 4112 1076 4150 sumantur
1091 4114 1170 4150 autent
1186 4113 1290 4163 tempora
1308 4104 1333 4148 itt

809 4167 967 4229 progressione
977 4166 1132 4215 arithmetici:
1147 4167 1285 4229 quatttitstcs
1296 4182 1335 4214 ve·

809 4230 939 4278 locitatibus
949 4230 1065 4291 reciproci
1076 4232 1264 4293 proportionales,
1281 4231 1335 4280 dati

809 4293 909 4357 quidam
925 4296 1053 4358 quantiute
1067 4307 1149 4353 sume,
1168 4305 1237 4343 erunt
1247 4297 1272 4342 in
1282 4311 1334 4356 pro·

809 4361 926 4423 gressioue
942 4360 1079 4423 geometrici
1082 4393 1335 4410 ........................
1344 4363 1389 4413 bis

876 4472 979 4520 PROP.
995 4471 1061 4520 x11.
1097 4472 1234 4520 reinolt
1251 4472 1300 4520 lx.

782 4558 868 4607 lisdem
880 4558 966 4620 positis,
977 4557 1030 4605 dico
1040 4555 1103 4620 quod
1112 4558 1132 4604 si
1143 4557 1216 4619 spstis
1223 4557 1336 4618 descripta

811 4633 932 4671 sumantur
953 4624 978 4669 in
1001 4623 1160 4685 progressione
1186 4623 1335 4675 arithmetici,

812 4689 942 4736 velocitates
953 4686 1006 4733 dati
1016 4687 1117 4749 quidam
1128 4688 1256 4750 quantitate
1262 4701 1337 4734 aucta

811 4764 880 4800 erunt
890 4752 914 4798 in
929 4751 1087 4816 progressione
1102 4750 1243 4816 geometrici
1243 4785 1336 4801 .........
1356 4753 1402 4801 5ἳο
