3202 5446
259 525 320 588 74⁰
561 491 903 568 PHILOSOPHIAE
924 488 1202 558 NaTuasus
1266 486 1385 568 [Mor.
1402 485 1542 554 &saon

243 692 321 749 nant
333 679 416 742 iuter
430 698 472 740 se.
520 673 572 740 Sic
586 672 619 735 in
632 667 788 755 principio
802 665 886 752 signi
899 661 1052 749 Virginis,
1079 659 1136 724 ubi
1156 657 1321 744 aphelium
1345 656 1468 722 Martis
1485 660 1544 742 jam

244 800 397 866 versatur,
419 784 565 850 distantia
577 781 658 846 inter
672 780 763 844 orbes
781 775 895 841 Martis
909 785 943 839 et
956 773 1091 838 Veneris
1106 784 1153 838 est
1167 771 1211 837 ad
1224 770 1416 837 dranum
1436 792 1543 834 eorun-

246 899 320 964 dem
345 894 469 960 orbium
491 892 525 954 in
546 888 701 975 principio
722 884 805 972 signi
825 882 966 948 Piscium
980 891 1016 945 ut
1029 880 1091 945 tris
1104 879 1145 944 ad
1160 879 1226 944 duo
1240 879 1382 956 circiter,
1408 891 1441 941 et
1454 899 1544 962 prop·

247 1020 333 1070 terea
356 1000 487 1066 materis
511 997 635 1060 vorticis
661 995 743 1058 inter
767 991 860 1056 orbes
881 989 953 1055 illos
974 989 1009 1052 in
1029 988 1185 1074 principio
1201 987 1347 1052 Piscium
1365 985 1463 1049 debet
1484 1007 1546 1048 esse

247 1114 384 1180 velocior
398 1110 492 1199 quam
507 1110 539 1172 in
553 1107 710 1194 principio
722 1101 862 1191 Virginis
876 1101 913 1186 (¹)
926 1101 959 1164 in
970 1099 1091 1164 ratione
1102 1099 1197 1162 trium
1212 1096 1254 1160 ad
1270 1095 1348 1160 duo.
1391 1095 1544 1180 Namque

248 1226 410 1313 angustius
425 1235 473 1288 est
487 1220 623 1306 spatium
637 1232 695 1303 per
709 1214 795 1303 quod
817 1213 927 1279 eadem
947 1211 1086 1276 materite
1108 1210 1266 1297 quantitas
1288 1207 1410 1273 eodem
1431 1207 1545 1270 revolu-

248 1335 341 1399 tionis
367 1334 460 1396 unius
483 1343 625 1414 tempore
648 1326 768 1402 transit,
794 1346 833 1389 eo
857 1323 969 1408 majori
993 1344 1065 1386 cum
1089 1319 1255 1385 velocitate
1280 1319 1425 1382 transire
1450 1317 1543 1381 debet

249 1444 353 1530 Igitur
366 1443 392 1505 si
408 1441 508 1505 Terra
520 1439 554 1502 in
569 1437 628 1502 hdc
643 1433 771 1500 materiai
787 1434 905 1499 ooelesti
919 1431 1047 1497 relativi
1068 1432 1232 1519 quiescens
1246 1430 1290 1494 ab
1306 1430 1344 1494 eri
1362 1429 1544 1506 deferretur,

250 1563 282 1615 et
303 1548 366 1612 und
391 1549 474 1611 circa
499 1545 604 1611 Solem
633 1545 854 1620 revolveretur,
881 1542 916 1626 (⁸)
941 1539 1023 1604 foret
1044 1538 1139 1625 hujus
1164 1538 1313 1602 velocitas
1338 1539 1374 1600 in
1399 1538 1545 1622 principio

251 1656 389 1721 Piscium
400 1654 440 1719 ad
452 1654 591 1739 ejusdem
601 1652 796 1717 velocitatem
805 1651 839 1713 in
846 1650 1002 1735 principio
1011 1649 1150 1737 Virginis
1159 1649 1192 1711 in
1201 1648 1325 1711 ratione
1335 1647 1546 1734 sesquialteri.

251 1763 290 1848 (²)
308 1762 403 1828 Unde
421 1762 502 1826 Solis
518 1775 621 1826 motus
642 1760 773 1824 diurnus
795 1780 950 1845 apparens
964 1757 997 1819 in
1010 1757 1165 1842 principio
1179 1756 1323 1843 Virginis
1346 1758 1454 1841 major
1474 1771 1548 1819 esset

252 1867 346 1957 qudm
360 1869 555 1934 minutorum
576 1869 750 1954 primorum
771 1865 977 1954 septuaginta,
1000 1876 1033 1928 et
1051 1864 1084 1927 in
1103 1864 1257 1950 principio
1283 1864 1432 1929 Piscium
1454 1865 1550 1926 minor

252 1975 346 2063 qudm
360 1976 554 2040 minutorum
565 1975 772 2063 quadraginta
783 1986 853 2038 octo
863 1998 871 2037 r
887 1984 919 2037 ct
927 1970 999 2036 etim
1008 1983 1112 2035 tamen
1124 1969 1331 2054 (experientiis
1343 1971 1443 2050 teste)
1460 1993 1550 2054 appa·

252 2106 325 2147 rens
337 2085 396 2149 iste
409 2084 490 2151 solis
499 2096 605 2149 motus
615 2085 715 2169 major
725 2084 765 2147 sit
776 2083 809 2145 in
823 2080 978 2166 principio
992 2078 1130 2143 Piscium
1144 2076 1239 2164 qudm
1253 2077 1287 2139 in
1299 2078 1467 2163 principio
1483 2078 1551 2140 Vir·

253 2193 345 2281 ginis,
371 2205 403 2256 et
417 2206 585 2278 propterea
601 2194 703 2259 Terra
716 2194 851 2260 velocior
865 2195 898 2258 in
913 2192 1067 2279 principio
1078 2190 1218 2279 Virginis
1233 2187 1330 2277 qudm
1346 2191 1385 2254 in
1400 2191 1552 2276 principio

256 2303 405 2368 Piscium.
453 2307 495 2388 (¹¹)
512 2303 622 2390 Itaque
643 2305 824 2391 hypothesis
841 2304 994 2368 vorticum
1009 2324 1080 2367 cum
1097 2300 1314 2387 phaenomenis
1333 2301 1551 2364 astronomicis

254 2412 383 2473 omnino
397 2422 526 2497 pugnat,
550 2424 581 2474 et
595 2433 660 2474 non
675 2424 738 2474 tarn
753 2411 794 2474 ad
809 2410 1010 2497 explicandos
1025 2407 1118 2497 quim
1132 2408 1173 2472 ad
1187 2407 1429 2492 perturbandos
1452 2424 1551 2473 motus

255 2519 397 2582 coelestes
412 2517 567 2581 conducit.
624 2518 795 2595 Quomodo
815 2518 890 2583 verb
910 2530 1013 2582 motus
1035 2517 1085 2582 isti
1107 2517 1141 2580 in
1164 2516 1271 2600 spatiis
1298 2515 1414 2582 liberis
1436 2518 1551 2604 absque

255 2627 424 2692 vorticibus
437 2641 640 2715 peraguntur,
662 2628 794 2718 intelligi
814 2641 918 2714 potest
932 2651 973 2693 ex
987 2627 1085 2693 Libro
1103 2627 1217 2714 primo,
1240 2639 1272 2692 et
1287 2627 1321 2691 in
1337 2627 1464 2694 Mundi
1480 2629 1551 2714 Sys·

256 2751 370 2803 temate
383 2737 506 2823 plenius
521 2736 693 2803 docebitur.

273 2919 395 3037 etq'l'Ia
410 2928 498 2974 ratim
513 2926 682 2973 triumodduo
699 2927 882 2989 (pernotprsa-
916 2911 1550 2989 XsM-X=³:9,undeiurenitnrx=§l

261 3005 272 3037 c
310 2991 320 3050 )
602 3016 604 3021 2
770 3006 772 3009 ·
914 3009 949 3035 =
962 2989 1021 3037 ’107”
1032 3004 1102 3051 quam
1120 2986 1232 3048 proximi,
1251 3003 1278 3034 ac
1298 2989 1401 3048 proinde}
1419 2991 1463 3036 erit
1476 2991 1504 3036 Μ
1517 2991 1548 3052 «Ι-

293 3054 323 3116 (⁸)
337 3059 349 3084 ⁹
363 3058 433 3103 Forat
444 3055 515 3116 injus
526 3056 636 3102 uelocitas.
672 3052 884 3100 Erobservationi·
919 3054 944 3100 X
961 3073 996 3099 =
1013 3051 1089 3100 4255‘
1104 3072 1139 3098 =
1157 3053 1193 3099 70¹
1209 3053 1242 3116 -Ι-
1255 3053 1308 3107 55”,
1329 3063 1353 3100 et
1376 3055 1408 3101 Μ
1423 3080 1457 3093 -
1475 3055 1500 3101 Χ
1516 3073 1550 3098 =

261 3123 305 3165 bus
321 3119 479 3165 astronomicis
495 3128 585 3165 constat
603 3119 699 3166 Terram
716 3118 776 3164 inter
789 3117 887 3165 Veneris
918 3116 1130 3191 2841''=4T†
1143 3115 1193 3163 21¹2
1231 3116 1298 3180 Ergo
1312 3118 1376 3164 Solia
1392 3130 1473 3165 monis
1489 3118 1550 3164 &ur-

261 3190 285 3228 et
296 3182 381 3229 Martis
391 3186 457 3229 orbes
467 3183 564 3244 positam
576 3198 632 3229 esse.
919 3197 963 3228 nus
980 3197 1092 3241 apparens
1108 3197 1133 3227 m
1151 3179 1263 3242 principio
1276 3181 1385 3243 Virginis
1402 3184 1478 3245 major
1493 3193 1550 3229 aar

293 3245 325 3308 (³)
347 3249 360 3275 ⁶
384 3247 449 3294 Unde
471 3252 527 3297 Solia
547 3258 622 3297 mus
643 3251 743 3296 diurnas
761 3263 879 3309 appareres.
914 3245 984 3308 qudrn
1001 3246 1146 3292 minutorum
1168 3245 1296 3305 primorum
1307 3248 1469 3310 septinginta.
1487 3258 1512 3294 et
1525 3248 1551 3293 ia

263 3310 314 3357 Hic
335 3319 413 3356 motus
434 3321 468 3357 est
489 3313 590 3374 angulus
607 3328 677 3375 quem
697 3312 743 3367 Sol,
767 3311 835 3358 radiis
853 3309 883 3358 ad
916 3311 1029 3372 principio
1041 3311 1144 3358 Piscium
1153 3309 1308 3372 minorqudm
1316 3311 1550 3374 adnummquad-

262 3375 360 3422 Terram
377 3373 460 3431 dumis,
483 3377 577 3436 proprio
594 3386 660 3423 motu
679 3380 707 3423 ab
725 3376 843 3422 occidente
859 3375 884 3421 in
916 3376 1007 3437 raginta
1028 3386 1095 3432 octo;
1120 3373 1175 3421 crim
1198 3385 1275 3421 tamen
1296 3390 1325 3421 ex
1347 3377 1549 3423 mun-aman

261 3439 375 3487 orientem
391 3453 531 3500 unoquoque
547 3440 586 3487 die
602 3441 728 3488 describere
745 3440 811 3486 nobis
822 3440 884 3487 ride-
916 3441 1074 3487 astronomicis
1091 3440 1132 3486 Sol
1144 3440 1170 3485 in
1181 3439 1294 3501 principio
1307 3440 1442 3503 Virginis·
1454 3440 1549 3488 Tellure

262 3511 309 3557 tur,
329 3518 399 3564 quem
417 3502 511 3564 quidem
534 3506 648 3566 angulum
668 3506 747 3559 Terra,
771 3504 839 3551 radiis
855 3503 885 3550 ad
917 3505 980 3551 visus
998 3515 1064 3552 motu
1085 3503 1171 3551 diurno
1192 3504 1306 3551 conlisere
1326 3503 1437 3551 videatur
1455 3507 1548 3552 minuta

264 3567 344 3615 Solem
355 3567 437 3623 ductis,
455 3567 478 3613 in
490 3569 609 3628 hypothesi
623 3569 772 3629 Copemieei,
783 3568 881 3616 conficit.
917 3570 992 3629 prima
1002 3575 1033 3617 58
1048 3568 1140 3616 tantdm
1159 3570 1183 3615 in
1200 3568 1313 3629 principio
1331 3568 1441 3617 Piscium
1457 3570 1548 3617 mim

265 3629 341 3680 Porro
352 3632 496 3678 notissimum
508 3643 547 3681 est
560 3633 673 3680 circulum
685 3635 751 3681 illum
761 3648 831 3695 quem
846 3633 885 3680 Sol
917 3635 992 3696 prims
1003 3639 1035 3682 60
1045 3650 1085 3681 seu
1098 3633 1196 3696 madum
1208 3649 1291 3680 unum.

263 3695 400 3743 interires
418 3706 484 3743 motu
501 3712 581 3743 annuo
597 3696 724 3745 describere
743 3698 839 3752 videtur,
856 3700 886 3746 ab
950 3700 984 3762 (²¹)
1004 3703 1112 3761 'Itaque
1127 3701 1252 3761 limatioris
1267 3701 1387 3747 mrticesa.
1427 3699 1548 3755 Quonim

264 3761 402 3808 astronomis
420 3760 491 3807 dividi
510 3761 534 3807 in
550 3772 624 3821 partes
640 3762 761 3810 duodecim
779 3763 885 3824 aquales,
919 3765 1011 3811 vorticis
1026 3763 1121 3810 materia
1137 3763 1235 3811 circulos
1245 3763 1353 3810 describit
1364 3766 1481 3827 equatcri
1498 3780 1547 3811 ror·

263 3825 612 3903 acusignaquorumhacduo
625 3826 732 3890 Virgoet
746 3827 822 3874 Pisces
833 3838 887 3874 sunt
919 3829 970 3875 ticis
991 3828 1119 3889 parallelos,
1145 3843 1236 3875 secuse
1257 3839 1291 3874 est
1314 3833 1368 3888 (per
1390 3831 1451 3876 banc
1475 3829 1545 3888 Prep.

264 3889 350 3936 directe
361 3891 472 3949 opposita,
492 3889 629 3937 itdutdum
643 3891 715 3938 Terra
725 3893 750 3938 in
764 3893 885 3953 hypodresi
919 3893 1010 3954 LIll.)
1028 3904 1055 3940 ut
1072 3893 1171 3954 planetae
1193 3908 1273 3939 omnes
1294 3892 1403 3939 tuantur
1423 3894 1447 3939 in
1466 3895 1547 3941 orbiti

266 3953 398 4014 eopemiei.
417 3965 451 4000 est
462 3957 486 4000 in
498 3955 609 4015 principio
628 3956 737 4013 Piscium,
759 3957 798 4003 Sol
815 3973 886 4018 appa-
917 3959 1026 4020 aquatori
1043 3957 1164 4018 parallelis.
1180 3957 1220 4004 sed
1236 3959 1383 4004 observaterm
1400 3968 1436 4005 α
1452 3959 1546 4005 nnllam

264 4029 313 4065 reat
324 4018 348 4063 in
359 4018 472 4078 principio
484 4019 589 4082 Virginis
605 4030 627 4066 et
643 4020 730 4067 contrd.
768 4020 830 4069 cnm
842 4023 887 4084 igi·
917 4022 1035 4083 planetam
1054 4023 1077 4068 in
1097 4021 1172 4069 orbiti
1191 4023 1299 4083 equstoei
1320 4022 1433 4081 parallela
1452 4025 1546 4070 molu-

264 4092 303 4129 tur
313 4082 432 4144 angularis
448 4084 556 4131 velocitas
568 4084 646 4130 Tm
662 4085 687 4130 in
704 4086 817 4147 principio
835 4086 887 4134 Pis·
918 4088 993 4134 tiones
1004 4103 1057 4134 suas
1067 4087 1189 4142 absolvere,
1210 4097 1233 4133 et
1244 4097 1345 4133 minuas
1355 4089 1427 4133 variis
1437 4088 1547 4134 directio

264 4148 329 4193 cium
339 4145 409 4193 sitsd
425 4149 476 4210 ejus
491 4149 633 4196 velocitatem
643 4150 778 4212 angularem
789 4153 812 4198 in
824 4152 888 4212 prin·
918 4153 988 4198 nibus
1004 4153 1029 4197 in
1048 4167 1128 4198 omnes
1143 4152 1194 4198 coeli
1211 4153 1289 4212 plagas
1305 4152 1365 4198 ferri.
1403 4152 1499 4199 Eadem
1514 4162 1549 4199 aa

265 4210 325 4271 cipio
346 4211 450 4273 Virginis
466 4224 493 4260 ut
504 4220 519 4260 3
530 4214 560 4260 ad
576 4221 599 4271 9,
622 4214 681 4261 Solis
697 4225 773 4261 motus
789 4216 888 4264 diurnus
919 4216 1043 4263 difficultas
1058 4216 1078 4262 si
1093 4231 1135 4276 per
1150 4217 1197 4261 vim
1213 4216 1368 4279 centrifugam
1379 4219 1486 4277 partium
1498 4233 1548 4263 vur-

264 4289 378 4335 apparens
397 4277 421 4322 in
439 4278 553 4338 principio
565 4279 670 4341 Virginis
685 4290 720 4326 est
735 4280 765 4326 ad
775 4283 826 4343 ejus
837 4296 888 4328 mo-
920 4281 971 4328 ricis
981 4282 1109 4342 explicetur
1119 4280 1153 4326 ris
1164 4281 1289 4340 cenuiprta
1299 4297 1340 4328 seu
1349 4283 1453 4342 gravitas
1465 4297 1548 4342 οαμο·

265 4346 475 4400 tumapparentem
486 4342 511 4387 in
522 4344 635 4404 principio
652 4344 755 4391 Piscium
767 4345 791 4391 iu
806 4345 888 4393 sidem
920 4361 972 4393 mm
996 4361 1048 4408 quaa
1069 4346 1099 4393 ad
1121 4360 1188 4392 arem
1210 4346 1301 4392 vorticis
1322 4347 1550 4406 perpendiculariter

265 4402 353 4450 ratione
363 4411 380 4452 5
391 4404 421 4451 sd
433 4412 455 4454 2.
491 4407 551 4454 Solis
566 4422 644 4456 motus
662 4408 759 4455 diurnus
777 4426 889 4472 apparens
919 4411 1015 4457 tendere
1024 4411 1142 4465 deberent,
1160 4425 1207 4456 non
1219 4409 1274 4458 ωδ
1286 4411 1315 4457 ad
1327 4411 1422 4458 vorticis
1439 4425 1549 4459 ceum

266 4466 358 4514 medius
374 4479 409 4516 est
425 4471 570 4518 minutorum
590 4475 718 4533 primorum
730 4480 761 4521 59
772 4485 794 4520 et
805 4491 888 4522 secuu-
920 4474 999 4538 dirigi.
1034 4476 1079 4522 Sed
1090 4475 1166 4522 dehis
1177 4474 1230 4521 vide
1244 4478 1303 4521 Acta
1316 4476 1413 4522 Erudit
1430 4478 1495 4538 Lipa
1510 4493 1550 4524 aas.

266 4529 349 4578 dorum
365 4540 387 4586 8,
408 4551 449 4582 ssu
465 4537 620 4584 secundorum
631 4543 701 4594 354⁸,
720 4539 760 4598 qui
778 4555 889 4586 numerus
923 4545 991 4587 1686.
1010 4551 1034 4588 et
1053 4545 1138 4598 1695.;
1164 4539 1245 4587 Diaria
1264 4541 1357 4587 Erudit.
1384 4546 1456 4589 tros
1480 4548 1551 4590 1707.

265 4593 355 4644 dicatur
367 4598 411 4655 M;
429 4600 500 4661 quare
517 4602 536 4647 si
554 4602 614 4649 Solis
624 4601 889 4665 motusdiumusappa·
923 4605 1080 4652 hlonumerrta
1101 4604 1172 4652 Acad
1191 4605 1263 4651 Paris.
1280 4611 1348 4654 1709.
1365 4606 1555 4655 nimam

266 4675 319 4735 rens
329 4661 354 4707 iu
364 4663 478 4724 principio
491 4666 602 4727 Virginis,
615 4677 714 4727 possem
723 4686 758 4711 =
772 4668 800 4714 Μ
809 4670 842 4733 4
855 4669 887 4725 X,
921 4669 1007 4717 clariss.
1020 4670 1128 4736 Hugenii
1140 4680 1163 4717 et
1177 4670 1317 4735 Bulflingeri
1328 4671 1358 4719 dc
1370 4671 1454 4719 Caesi
1467 4673 1556 4720 Gravi·

265 4735 324 4772 etin
336 4727 448 4788 principio
467 4730 570 4778 Phcium
580 4750 615 4777 =
629 4732 657 4780 Μ
667 4759 700 4773 -
714 4732 746 4789 X,
759 4732 802 4779 erit
813 4733 842 4780 M
854 4735 887 4798 4
920 4734 980 4783 tatis.
