3202 5446
149 484 211 543 346
457 463 796 536 PHILOSOPHIAE
819 457 1090 526 NATURALIS
1164 453 1274 535 [Mor.
1290 450 1434 518 Coenon,

149 653 207 717 erit
222 652 254 713 in
268 647 339 713 datr
355 645 474 710 ratione
488 644 529 708 ud
543 655 666 707 motum
680 639 816 704 medium
839 637 1014 711 nodorum;
1037 645 1069 698 et
1092 645 1197 696 motus
1222 641 1356 714 uterque
1378 626 1434 690 erit

150 771 186 822 ut
200 773 321 839 tempus
335 752 529 838 periodicum
544 748 683 833 corporis
699 747 727 811 P
740 744 857 810 directe
872 756 904 807 et
918 741 1104 829 quadratum
1126 736 1276 821 temporie
1290 731 1437 819 periodici

149 863 289 947 eorporis
306 861 338 925 Τ
352 857 483 924 inversd.
528 854 686 943 Augendo
700 852 749 917 vel
763 848 935 915 minuendo
948 847 1212 913 excentricitetem
1233 854 1267 906 et
1287 838 1438 904 inclineti-

151 992 244 1034 onem
259 967 343 1031 orbis
360 966 387 1030 P
403 967 434 1029 A
450 965 479 1029 B
502 961 536 1047 (ἢ
561 971 800 1032 nonmntuntur
813 969 916 1022 notus
931 955 1020 1043 nugis
1034 967 1066 1018 et
1076 952 1232 1016 nodorum
1243 945 1436 1023 sensibiliter,

151 1076 209 1140 nisi
225 1073 279 1138 ubi
293 1072 412 1138 eaedem
426 1083 499 1136 sunt
512 1069 605 1133 nimis
619 1086 752 1154 maguae.

201 2016 299 2081 Corol.
319 2020 368 2081 17.
393 2011 475 2075 Cum
491 2021 595 2074 autem
609 2008 692 2072 linea
707 2009 737 2074 L
753 2007 793 2074 M
808 2029 891 2072 nunc
906 2008 1006 2093 major
1022 2011 1063 2075 sit
1073 2030 1158 2073 nunc
1173 2009 1277 2073 minor
1292 2033 1387 2098 quam
1397 2032 1444 2075 rr·

156 2123 225 2187 dius
245 2121 328 2197 PT,
346 2131 522 2205 exponatur
536 2117 582 2180 vis
597 2115 762 2180 mediocris
779 2115 807 2179 L
823 2115 862 2179 M
886 2137 943 2199 per
967 2115 1088 2179 radium
1114 2117 1202 2180 illum
1220 2115 1246 2181 P
1261 2115 1311 2186 T;
1335 2128 1368 2180 et
1390 2118 1446 2183 erit

156 2228 227 2293 haec
242 2227 282 2291 ad
306 2227 368 2288 vim
393 2223 582 2287 mediocrem
610 2223 633 2313 S
650 2222 681 2285 K
697 2223 745 2286 vel
763 2224 786 2287 S
802 2222 834 2286 N
857 2228 961 2308 (quam
978 2244 1135 2306 exponere
1151 2222 1222 2288 licet
1236 2245 1294 2306 per
1309 2225 1333 2290 S
1348 2223 1392 2306 T)
1414 2235 1448 2289 nt

157 2331 323 2421 longitudo
339 2330 366 2394 P
382 2328 414 2392 Τ
428 2328 468 2391 ud
483 2326 710 2414 longitudinem
728 2329 750 2392 S
766 2328 806 2391 Τ.
853 2326 912 2392 Est
926 2341 1030 2392 autem
1052 2329 1097 2392 vis
1119 2328 1283 2393 mediocris
1307 2330 1331 2395 S
1347 2329 1381 2395 N
1401 2329 1446 2395 vel

159 2441 183 2506 S
199 2441 240 2516 T,
257 2437 318 2524 qui
334 2457 448 2518 corpus
464 2434 496 2498 Τ
511 2435 661 2497 retinetur
675 2435 708 2497 in
723 2434 800 2498 orbe
815 2457 873 2497 suo
888 2435 1004 2499 circum
1022 2435 1054 2512 S,
1071 2435 1111 2499 ad
1126 2414 1199 2514 irim,
1216 2436 1278 2524 qui
1293 2460 1407 2523 corpus
1423 2437 1448 2502 P

159 2547 311 2610 retinetur
326 2543 358 2605 in
374 2541 450 2604 orbe
465 2563 521 2603 suo
536 2532 652 2603 circum
669 2541 710 2618 Τ,
734 2541 773 2624 (⁸)
790 2541 821 2604 in
836 2542 956 2606 ratione
972 2542 1140 2626 compositi
1163 2566 1202 2607 ex
1226 2545 1348 2608 ratione
1373 2542 1448 2608 radii

161 2655 242 2731 ST,
259 2653 299 2716 ud
315 2652 437 2715 radium
454 2650 479 2714 P
495 2648 535 2728 T,
552 2662 584 2713 et
599 2651 718 2714 ratione
738 2649 894 2734 duplicati
918 2652 1066 2736 temporis
1087 2653 1238 2737 periodici
1260 2654 1401 2739 corporis
1423 2653 1449 2718 P

161 2763 279 2826 circum
294 2761 326 2825 T
341 2759 380 2825 nd
396 2774 519 2843 tempus
534 2757 728 2843 periodicum
743 2760 882 2842 corporis
898 2759 929 2823 Τ
944 2761 1061 2824 circum
1077 2762 1109 2825 S.
1155 2760 1196 2827 'n't
1210 2785 1253 2830 ex
1281 2785 1385 2850 oequo,
1408 2763 1450 2826 vir

161 2868 326 2933 mediocris
343 2867 371 2931 L
388 2866 427 2931 M
442 2865 482 2930 ud
498 2866 570 2941 vim,
587 2865 648 2950 qui
673 2887 786 2949 corpus
814 2866 841 2930 P
867 2866 1017 2931 retinetur
1042 2867 1075 2929 in
1099 2868 1175 2932 orbe
1199 2891 1256 2932 run
1280 2870 1397 2934 circum
1421 2868 1451 2934 T

163 2977 275 3063 (quive
287 2998 400 3060 corpus
415 2974 497 3038 idem
515 2973 552 3051 P,
569 2972 678 3036 eodem
696 2987 837 3056 ternpore
851 2974 1020 3058 periodico‚
1034 2976 1150 3038 circum
1159 2992 1309 3061 punctum
1322 2977 1451 3064 quodvis

162 3083 321 3148 immobile
337 3083 369 3147 T
385 3082 425 3145 nd
440 3082 616 3145 distantium
635 3079 706 3145 PT
717 3081 832 3144 revolvi
846 3083 962 3166 posset)
986 3083 1079 3145 estin
1095 3084 1213 3147 ratione
1229 3084 1281 3147 illi
1296 3083 1452 3169 duplicati

163 3195 394 3279 periodicorum
418 3206 604 3275 temporum.
649 3191 742 3254 Datis
765 3190 860 3276 igitur
886 3192 1078 3274 temporibus
1105 3192 1269 3275 periodicis
1294 3192 1360 3256 unii
1385 3214 1453 3258 cum

163 3304 310 3367 distantia
327 3302 354 3366 P
369 3301 410 3377 T,
428 3300 520 3363 datur
535 3299 580 3361 ris
596 3296 761 3361 mediocris
779 3298 806 3360 L
822 3295 881 3374 M;
906 3297 944 3382 (¹¹)
968 3299 1049 3361 etei
1073 3298 1155 3377 dant,
1178 3299 1271 3363 datur
1293 3301 1389 3364 etium
1410 3301 1454 3364 vir

166 3410 204 3476 M
223 3411 254 3474 N
269 3431 362 3495 quum
379 3405 521 3491 proxime
536 3427 593 3492 per
608 3405 783 3491 analogiam
797 3404 949 3468 lineorum
968 3405 993 3468 P
1009 3406 1050 3484 T,
1068 3405 1105 3469 M
1122 3407 1163 3470 N.

164 3561 218 3609 luris
233 3560 300 3635 rugio
319 3569 342 3606 et
361 3557 475 3635 nodorum
492 3567 520 3605 ut
538 3568 632 3617 tempus
649 3555 793 3616 periodicum
825 3556 872 3604 lem
886 3556 932 3618 qui
944 3571 1028 3616 corpur
1042 3558 1061 3605 P
1072 3559 1097 3605 in
1108 3559 1182 3606 orbiti
1192 3559 1235 3607 rui
1245 3561 1354 3610 ortatui
1365 3563 1402 3612 rol
1412 3565 1455 3613 cir·

164 3640 267 3686 eorporis
281 3624 301 3670 P
312 3624 398 3669 duecte
409 3633 432 3668 et
443 3621 581 3682 quodrotum
593 3619 703 3682 temporie
719 3619 794 3679 perio-
826 3620 880 3667 culo
891 3621 989 3667 finitimi
999 3622 1109 3669 retinetur
1115 3623 1139 3668 in
1150 3624 1238 3671 retium
1246 3628 1412 3686 composition
1420 3645 1456 3677 re·

165 3689 212 3737 dici
229 3687 331 3748 corporis
342 3687 365 3734 T
382 3684 484 3741 invene,
509 3696 532 3732 et
543 3683 597 3730 indi·
608 3695 686 3730 motus
702 3684 795 3730 mediur
826 3686 889 3731 tione
900 3685 957 3731 redii
971 3688 986 3729 S
999 3686 1058 3733 Ted
1069 3687 1160 3733 rodium
1173 3689 1224 3736 ΡΤ
1232 3689 1319 3738 directe·
1336 3694 1456 3740 antium

166 3754 234 3815 rugis
255 3763 278 3801 et
300 3751 422 3805 nodorum,
445 3749 485 3811 qui
504 3758 559 3794 eunt
576 3750 645 3795 ernbo
665 3757 693 3794 ut
711 3747 793 3794 endem
825 3747 942 3808 duplicati
960 3751 1070 3810 temporis
1086 3752 1195 3812 periodici
1210 3724 1353 3813 corporiu'T
1368 3757 1456 3805 circum

166 3817 289 3927 guandiu,
302 3831 343 3861 reu
355 3824 382 3860 ut
392 3824 485 3873 tempu·
497 3812 637 3887 periodicum
649 3813 756 3886 *corporis
774 3810 794 3858 Ρ
829 3814 852 3865 S,
871 3812 900 3858 nd
912 3823 1004 3874 tempus
1015 3815 1156 3874 periodicum
1173 3818 1274 3878 corporis
1287 3818 1408 3868 Pcircurn
1425 3821 1456 3875 T,

169 3878 560 3997 l'ffillffiffilli'l
568 3875 795 3986 ffildt'iffl
827 3875 922 3987 :itti
935 3878 1216 4002 ωὲῗῷῗιέἶῖᾞὲοῗὲ
1231 3881 1458 3996 ditm?

202 4009 232 4071 (¹)
252 4013 264 4038 ⁹
284 4010 340 4056 Non
352 4015 482 4060 onerantur,
498 4006 540 4051 dc.
578 4005 640 4051 Num
652 4004 711 4049 viret
724 4003 750 4049 ld
765 4002 795 4058 1„
828 4005 894 4051 diurn
913 4004 973 4061 PT,
993 4017 1017 4053 et
1035 4009 1123 4055 ntione
1140 4010 1258 4070 duplicet&
1273 4013 1385 4072 temporie
1397 4015 1458 4074 peri-

170 4073 195 4120 N
208 4073 355 4146 Mlmotuum
371 4072 439 4130 rugio
457 4079 481 4114 et
498 4068 613 4114 nodorum
632 4066 795 4127 productricfl,
828 4068 889 4116 odici
906 4070 1008 4130 corporis
1021 4070 1081 4118 Ped
1096 4084 1189 4134 tempus
1202 4073 1345 4135 periodicum
1356 4077 1460 4138 corporis

168 4147 258 4184 cateno
268 4135 388 4186 utentibus.
401 4148 448 4178 non
459 4132 561 4179 multum
572 4142 701 4186 mutentur,
718 4131 737 4177 si
754 4146 797 4177 ru·
830 4134 867 4189 T;
884 4148 986 4196 cumque
1000 4134 1029 4182 rit
1045 4137 1123 4191 ctiam,
1141 4153 1168 4183 er
1190 4139 1258 4186 Dent
1287 4141 1322 4185 vio
1336 4141 1460 4188 mediocris

169 4213 252 4262 ,mur
267 4200 304 4246 vn
321 4200 441 4245 minuatur
459 4195 618 4243 amarem
636 4205 660 4241 a
679 4195 798 4241 nermo
831 4197 893 4245 un
906 4197 936 4244 ad
953 4201 1000 4244 um
1017 4199 1157 4248 meum
1175 4202 1232 4256 ετ,
1249 4172 1277 4249 u't
1290 4203 1311 4251 r
1323 4204 1388 4252 rar
1401 4207 1417 4252 s
1429 4206 1452 4252 r

170 4264 232 4310 orbis
245 4264 266 4311 P
280 4267 300 4310 Α
316 4264 346 4318 Β,
357 4262 400 4337 uiui
408 4275 494 4322 magne
502 4260 556 4334 rotie
564 4259 634 4305 fuerit
643 4258 796 4310 inmutatio.
830 4261 873 4308 erit
892 4277 933 4322 per
951 4264 1141 4323 compositionem
1160 4267 1275 4313 rationum
1293 4278 1317 4314 et
1335 4284 1364 4315 ex
1383 4238 1460 4331 aquo:

171 4335 198 4374 ut
210 4338 272 4386 petet
289 4341 316 4373 er
336 4338 424 4399 renone
442 4325 488 4386 qui
508 4338 568 4369 vires
585 4322 633 4369 illa
646 4323 673 4370 Μ
687 4323 716 4378 1..
731 4323 755 4370 N
769 4323 798 4370 M
830 4325 864 4371 rie
875 4325 998 4373 mediocris
1012 4327 1031 4374 1,
1046 4327 1080 4380 Μ.
1098 4329 1128 4375 ed
1145 4331 1192 4376 rim
1212 4330 1395 4379 ncoeleretdcern
1413 4334 1461 4394 qut

174 4391 244 4449 Prop-
259 4397 298 4439 66.
312 4390 503 4466 detennmnntur.
541 4450 569 4465 .,
831 4404 916 4448 corpur
935 4390 956 4437 P
973 4391 1085 4438 retinetur
1102 4393 1126 4438 in
1145 4397 1200 4441 orl»
1214 4410 1258 4441 ruo
1276 4396 1365 4443 circum
1384 4397 1414 4451 Τ.
1434 4408 1462 4443 ut

205 4455 239 4517 (⁸)
258 4461 270 4482 ⁹
289 4458 320 4503 In
341 4467 429 4501 rotrone
450 4462 570 4513 commata
592 4468 618 4498 a
635 4454 723 4499 rotrone
740 4453 800 4498 rodii
831 4454 969 4515 qurdrotum
982 4457 1090 4514 temporit
1101 4459 1209 4516 periodici
1227 4463 1328 4519 commit
1344 4461 1461 4508 Pettium

172 4522 230 4571 Μ’,
242 4520 284 4591 ἃς.
321 4519 384 4592 Num
400 4521 453 4580 (per
466 4517 520 4564 cor.
531 4521 553 4562 9.
575 4515 645 4575 Prop·
658 4515 693 4575 ⁴.)
711 4516 745 4562 rio
761 4530 799 4562 rc·
833 4517 895 4564 'l'rd
911 4519 1050 4580 quadratum
1069 4523 1180 4583 temporie
1198 4523 1307 4583 periodici
1325 4523 1463 4586 corporir'l'

172 4582 290 4631 orlentnx
308 4582 429 4629 mediocris
449 4581 499 4627 sT
518 4578 565 4642 qui
583 4594 668 4639 corpur
679 4580 701 4626 T
712 4581 800 4626 circum
831 4581 919 4628 circum
932 4584 957 4630 S.

174 4646 375 4696 Soddiotentinm
389 4642 801 4694 STcirculumrelorbemcirculo
866 4646 903 4707 (²)
921 4650 935 4677 ·
954 4649 987 4698 Bt
1009 4647 1036 4698 cd
1058 4648 1121 4709 dard,
1143 4649 1213 4699 detur
1234 4652 1304 4700 etiem
1327 4653 1361 4700 rie
1384 4653 1409 4702 N
1432 4652 1461 4701 bl

172 4708 435 4761 finitimumdercribno
443 4708 588 4771 supponitur,
597 4717 633 4756 ert
643 4706 672 4756 od
680 4707 727 4756 rim
738 4707 802 4756 rimi·
835 4709 914 4772 (⁵00).
