3202 5446
169 381 280 439 Lraas
298 373 465 451 Pramus]
513 372 754 437 PRINCIPIA
780 369 1152 436 MATHEMATICA.
1419 384 1456 441 71

167 561 267 614 terum
284 548 318 613 T
331 549 382 613 vel
398 548 537 634 quiescit,
553 548 603 611 vel
617 559 761 612 movetur
776 546 970 611 uniformiter
984 547 1018 609 in
1033 547 1206 610 directum:
1230 549 1310 610 actio
1325 541 1371 612 vis
1386 568 1458 612 cen·

166 659 287 744 tripetoe
302 657 344 720 ad
358 679 474 740 corpus
488 655 568 719 illud
581 655 713 719 alterurn
729 655 762 718 T
776 655 930 719 tendentis
945 655 993 718 vel
1008 654 1096 718 nulla
1110 670 1166 732 est,
1188 654 1237 718 vel
1258 656 1406 720 miscetur
1427 671 1459 721 et

166 765 365 850 componitur
379 786 452 828 cum
467 763 640 827 actionibus
656 762 827 826 admodum
848 762 1029 847 potentibus
1051 762 1182 825 aliarum
1197 761 1326 826 virium:
1350 763 1458 849 visque

166 888 227 940 tota
242 898 285 940 ex
299 875 457 952 omnibus,
474 875 500 937 si
513 874 619 959 plures
634 886 707 937 sunt
721 873 811 951 vires,
835 873 1008 957 composita
1029 872 1069 936 ad
1092 871 1176 935 aliud
1199 873 1277 958 (sive
1298 873 1457 937 immobile

164 987 225 1050 sive
240 983 372 1063 mobile)
388 996 530 1048 centrum
545 982 701 1069 dirigitur.
747 962 837 1046 ldem
852 981 982 1057 obtinet,
999 980 1054 1044 ubi
1078 1001 1192 1065 corpus
1214 970 1347 1044 altemm
1368 995 1454 1046 motu

160 1117 350 1182 quocunque
364 1107 527 1170 movetur3
551 1092 577 1156 si
592 1091 687 1154 modo
702 1092 747 1154 vis
763 1092 934 1177 centripeta
948 1103 1099 1170 sumatur,
1112 1113 1183 1178 quae
1194 1104 1291 1156 restat
1301 1103 1374 1176 post
1384 1091 1457 1155 sub·

160 1192 344 1268 ductionem
358 1203 405 1265 vis
421 1202 515 1265 totius
530 1202 563 1265 in
579 1223 693 1284 corpus
710 1200 788 1264 illud
803 1200 936 1265 alterum
951 1199 983 1263 T
998 1201 1127 1288 agentis.

734 1479 887 1543 scholium.

208 1651 368 1727 Quoniam
383 1651 546 1738 aequabilis
561 1674 704 1715 arearum
717 1651 885 1735 descriptio
907 1651 1003 1715 index
1025 1663 1072 1715 est
1095 1653 1203 1730 centri,
1228 1652 1313 1739 quod
1335 1653 1382 1716 vis
1404 1652 1458 1717 illa

161 1759 302 1842 respicit,
315 1759 373 1845 quir
389 1781 504 1843 corpus
519 1759 655 1823 maxime
671 1759 814 1836 afficitur,
832 1759 954 1845 quique
969 1759 1136 1823 retrahitur
1149 1782 1168 1823 a
1182 1772 1270 1823 motu
1284 1760 1456 1837 rectilineo,

161 1878 203 1928 et
215 1865 249 1927 in
262 1867 361 1931 orbita
373 1890 431 1932 sua
445 1869 615 1945 retinetur3
639 1868 748 1954 quidni
775 1890 963 1951 usurpemus
989 1867 1022 1930 in
1049 1867 1248 1953 sequentibus
1273 1867 1457 1952 aequabilem

160 1996 311 2039 arearum
325 1976 564 2062 descriptionem
580 1991 615 2043 ut
629 1978 763 2042 indicem
779 1979 890 2055 centri,
907 1978 1025 2042 circum
1047 1977 1132 2064 quod
1152 1990 1255 2042 motus
1278 1978 1378 2041 omnis
1401 1977 1460 2041 cir-

157 2082 280 2148 cularis
293 2084 326 2148 in
341 2087 447 2170 spatiis
462 2084 568 2150 liberis
583 2084 770 2173 peragitur?

431 2337 717 2404 PROPOSITIO
741 2339 797 2403 lV.
844 2339 1115 2405 THEOREMA
1139 2336 1197 2404 lv.

150 2518 343 2600 Corporum,
359 2537 426 2600 quae
441 2493 714 2580 diversor'circulos
728 2518 872 2600 aequabili
885 2528 965 2581 motu
980 2519 1158 2595 describunt,
1184 2520 1263 2583 vires
1283 2522 1463 2604 cmtripetas

205 2630 249 2690 ad
261 2637 369 2691 centra
384 2629 543 2689 eorundem
558 2629 735 2690 ciradomm
750 2629 893 2698 tendere‚·
918 2638 947 2690 et
961 2650 1022 2691 esse
1036 2630 1116 2690 inter
1136 2650 1176 2703 se,
1199 2637 1233 2690 ut
1252 2639 1321 2692 sunt
1341 2651 1463 2693 arctum

205 2738 296 2799 simul
310 2737 526 2818 descriptorum
541 2738 695 2819 quadrata
711 2736 867 2818 applicata
883 2737 925 2797 ad
939 2737 1113 2798 circulorum
1128 2737 1240 2799 radios.

209 2910 244 2994 (¹)
271 2906 426 2972 Tendunt
440 2905 491 2970 hae
506 2907 587 2970 vires
611 2906 651 2969 ad
673 2918 781 2970 centra
802 2906 990 2968 circulorum
1012 2927 1068 2988 per
1086 2904 1182 2989 Prop.
1199 2904 1245 2968 ll.
1261 2917 1293 2969 et
1309 2904 1414 2970 Corol.
1431 2915 1461 2970 2.

168 3017 264 3104 Prop.
281 3020 309 3083 l.
326 3031 357 3082 et
373 3028 448 3081 sunt
461 3017 544 3080 inter
558 3040 591 3079 se
607 3028 642 3079 ut
657 3038 786 3080 arcuum
802 3015 973 3101 aequalibus
995 3015 1187 3099 temporibus
1211 3012 1304 3100 quim
1327 3016 1463 3078 minimis

173 3125 397 3211 descriptorum
413 3125 498 3187 sinus
513 3124 594 3188 versi
608 3147 666 3209 per
682 3123 789 3188 Corol.
805 3134 837 3189 4.
856 3124 952 3207 Prop.
969 3124 995 3188 l.
1011 3122 1072 3186 hoc
1087 3136 1142 3202 est,
1159 3136 1194 3187 ut
1208 3124 1360 3208 quadrata
1373 3147 1462 3189 arcu·

178 3256 224 3298 um
233 3234 404 3301 eorundem
414 3233 455 3297 ad
467 3234 635 3298 diametros
647 3234 835 3298 circulorum
845 3233 1061 3318 applicataper
1067 3232 1156 3295 Lem.
1163 3231 1238 3296 Vll.
1245 3245 1276 3295 et
1286 3245 1462 3318 propterea,

207 3453 233 3515 (¹)
247 3458 299 3500 182.
316 3452 421 3512 Corpora
429 3451 477 3498 duo
488 3452 510 3497 A
520 3460 571 3506 eta,
580 3451 679 3498 circulos
690 3452 800 3506 ABGA,

185 3519 214 3562 ab
223 3533 238 3579 g
247 3534 268 3572 a,
280 3517 391 3579 aequabili
402 3527 469 3562 motu
485 3515 622 3568 describant,
640 3526 664 3563 et
682 3531 741 3562 area
760 3532 802 3563 seu

184 3580 592 3636 emmasmsemasf,
610 3581 676 3643 fag,
693 3590 762 3627 erunt
776 3581 801 3625 in

185 3645 573 3774 Qii‘iiiiissiff’qiaii
584 3644 801 3765 liech'aiiitirfic’

184 3775 267 3830 nunde
278 3776 339 3821 vira
348 3774 434 3835 quibus
445 3788 540 3834 corpora
554 3774 576 3819 A
588 3783 643 3830 eta,
661 3774 686 3819 in
696 3774 801 3833 periphe-

184 3837 214 3883 ria
231 3840 288 3886 AB
309 3839 330 3885 G
354 3841 386 3893 A,
404 3839 496 3899 abga
512 3837 641 3884 retinentur
656 3839 756 3885 tendunt
772 3837 801 3884 ad

184 3915 251 3949 uana
263 3904 279 3950 S
289 3913 315 3950 et
325 3919 342 3948 s.
380 3903 433 3949 Sint
448 3917 515 3948 meus
528 3903 551 3948 A
566 3903 594 3955 B,
612 3905 658 3954 ab,
675 3903 802 3965 equalibus

185 3969 315 4028 temporibus
330 3982 401 4030 quam
418 3966 522 4012 minimis
543 3966 658 4027 descripti,
682 3978 705 4014 et
727 3967 803 4014 ductis

185 4033 322 4093 augentibus
336 4034 358 4079 A
373 4032 406 4087 D,
418 4030 466 4086 ad,
484 4039 508 4077 et
518 4030 547 4077 ad
559 4047 597 4077 eas
608 4031 803 4092 perpendiculari-

185 4095 220 4140 bas
236 4097 257 4143 B
271 4097 302 4150 D,
322 4098 338 4143 b
354 4094 378 4149 d.
399 4095 566 4157 completisque
583 4096 804 4158 parallelogrammis

187 4159 532 4220 cuccumenmpetoein
544 4162 629 4216 Aeta,
637 4172 706 4207 erunt
714 4161 804 4207 interea

184 4223 410 4279 armannus,
427 4240 469 4270 acu
481 4234 508 4270 ut
522 4225 588 4270 sinus
603 4226 661 4271 versi
675 4228 697 4272 A
712 4226 741 4280 C,
756 4241 801 4281 ac,

186 4288 254 4349 (174).
293 4290 384 4336 Verum
400 4288 476 4335 ductis
495 4290 586 4336 chordis
606 4290 628 4335 A
648 4291 677 4346 B,
696 4292 747 4344 ab,
768 4302 803 4337 est

186 4352 252 4400 AC:
267 4356 290 4401 A
305 4355 404 4401 B==A
419 4354 458 4401 B:
476 4354 541 4409 AG,
554 4363 624 4402 otac
637 4375 642 4402 :
656 4357 800 4402 ab=ab:
837 4371 1000 4432 eenffipmjn
1014 4370 1465 4435 Addvqmoenfflpmminmqu„

186 4469 227 4518 a·
242 4457 305 4505 ue
444 4483 535 4516 —-
558 4469 581 4506 ε
603 4477 617 4505 2·
638 4475 651 4506 ε
672 4479 706 4505 =
724 4478 805 4561 .-.
838 4435 1226 4562 ἕεὲἕὲἕὲεὲεὲξὲἕ
1239 4437 1464 4556 ἕὲἕὲεὲἕ

187 4572 235 4604 cum
245 4559 315 4622 igitur
331 4561 424 4608 chorda
440 4573 465 4608 et
482 4577 550 4609 acus
569 4574 687 4610 nascentes
706 4563 806 4626 equales
839 4564 952 4611 diametro
975 4580 1027 4627 ag.
1053 4565 1153 4612 divisum
1180 4575 1204 4612 et
1225 4568 1346 4627 propterei
1366 4581 1420 4612 cum
1442 4570 1465 4613 hi

187 4623 227 4670 dat
238 4627 288 4687 (pes
300 4625 368 4674 Lena
382 4625 508 4687 viluerit
523 4630 545 4675 A
560 4629 598 4676 C:
612 4630 712 4683 acboc
722 4636 763 4686 est,
772 4629 805 4674 vis
838 4644 910 4684 arcus,
923 4631 964 4677 &c

797 4716 845 4762 El
