3188 5444
232 457 307 521 xxvi
761 457 986 526 EDITORIS

231 629 329 716 igitur
342 630 504 695 immotam
518 653 596 695 esse.
646 630 836 717 Neutiquam
850 631 990 717 profecti>
1003 630 1106 716 potuit
1120 630 1195 695 oriri
1209 632 1356 708 mundus,
1372 629 1519 716 pulcher-

231 739 311 803 rima
323 739 494 804 formarum
508 753 540 804 et
555 749 697 804 motuum
710 740 859 804 varietate
874 740 1045 817 distinctus,
1062 739 1122 802 nisi
1136 761 1177 803 ex
1191 736 1348 803 liberrima
1358 738 1519 803 voluntate

230 859 344 911 cuncta
357 847 549 931 providentis
564 860 597 912 et
610 847 812 934 gubernantis
823 848 896 913 Dei.

275 954 329 1020 Ex
339 955 400 1019 hoc
414 957 509 1042 igitur
519 956 605 1020 fonte
614 971 839 1041 promanarunt
848 958 911 1022 illoe
922 980 1030 1022 omnes
1042 981 1112 1045 quae
1123 957 1270 1023 dicuntur
1280 969 1401 1023 natmoe
1411 957 1517 1046 leges:

230 1063 389 1148 inquibus
402 1064 499 1129 multa
514 1064 589 1128 sane
602 1066 820 1150 sapientissimi
834 1067 963 1145 consilii,
978 1065 1066 1131 nulla
1079 1067 1269 1132 necessitatis
1284 1080 1437 1153 apparent
1447 1090 1518 1132 res-

229 1173 314 1260 tigia.
359 1172 431 1237 Has
453 1173 586 1257 proinde
599 1196 671 1237 -non
691 1175 731 1239 ab
750 1176 875 1239 incertis
897 1174 1082 1260 conjecturis
1104 1187 1220 1260 petere,
1242 1174 1297 1238 sed
1319 1173 1517 1240 observando

228 1293 322 1366 atqua
336 1279 526 1364 experiendo
539 1280 699 1346 addiscere
714 1281 873 1346 debemus.
918 1282 984 1358 Qui
998 1303 1082 1347 verae
1091 1281 1229 1368 physice
1248 1281 1401 1367 principia
1414 1282 1516 1371 leges-

229 1409 290 1472 que
311 1410 426 1465 rerum,
450 1389 517 1454 sola
537 1391 649 1455 mentis
670 1391 702 1456 vi
719 1403 751 1455 et
764 1391 889 1455 interno
903 1390 1031 1455 rationis
1045 1390 1164 1454 lumine
1178 1389 1302 1467 fretum,
1318 1390 1460 1455 invenire
1482 1414 1516 1456 se

228 1515 320 1577 posse
335 1488 481 1573 confidit3
503 1498 589 1562 hunc
610 1511 733 1583 oportet
754 1499 804 1564 vel
826 1512 959 1564 statuere
980 1498 1133 1563 mnndum
1155 1521 1196 1564 ex
1210 1500 1392 1564 necessitate
1407 1499 1513 1575 fuisse,

228 1603 375 1690 legesque
388 1607 562 1690 propositas
577 1629 618 1670 ex
632 1607 741 1672 eadem
754 1610 937 1674 necessitate
952 1608 1055 1694 sequi3
1071 1609 1121 1672 vel
1135 1608 1162 1673 si
1176 1630 1233 1693 per
1245 1609 1436 1691 voluntatem
1449 1608 1515 1674 Dei

228 1710 411 1775 constitutus
425 1713 464 1775 sit
478 1713 557 1776 ordo
570 1726 701 1793 naturoe,
724 1739 757 1779 se
770 1727 885 1793 tamen,
901 1716 1142 1780 homuncionem
1157 1715 1321 1792 misellum,
1337 1715 1411 1801 quid
1428 1715 1513 1799 opti-

228 1839 314 1881 mum
329 1817 411 1883 factu
426 1820 466 1883 sit
487 1835 685 1906 perspectum
700 1822 825 1889 habere.
871 1825 955 1888 Sana
975 1823 1075 1886 omnis
1091 1835 1123 1886 et
1137 1845 1211 1887 vera
1231 1821 1429 1907 philosophia
1443 1822 1515 1885 fun·

227 1925 320 1988 datur
334 1925 367 1989 in
381 1926 595 2010 phoenomenis
610 1952 733 1994 rerum:
757 1953 828 2016 quae
847 1931 874 1993 si
888 1952 946 1994 uos
962 1929 1012 1994 vel
1025 1929 1137 1995 invitos
1153 1942 1185 1994 et
1199 1930 1385 1995 reluctantes
1399 1930 1440 1993 ad
1454 1930 1514 1994 hu-

226 2033 359 2102 iusmodi
387 2036 540 2119 principia
563 2037 733 2113 deducunt,
763 2038 796 2099 in
825 2036 937 2122 quibus
965 2034 1135 2099 clarissime
1156 2050 1326 2101 cernuntur
1349 2037 1513 2101 consilium

227 2143 379 2226 optimum
394 2157 426 2208 et
447 2144 620 2208 dominium
640 2167 797 2209 summum
818 2145 1034 2228 sapientissimi
1051 2157 1083 2209 et
1101 2145 1307 2229 potentissimi
1328 2147 1426 2222 entis;
1448 2167 1514 2210 non

227 2263 319 2314 erunt
332 2251 401 2316 hoec
415 2252 486 2318 ideh
508 2276 573 2318 non
594 2254 785 2319 admittenda
807 2255 969 2340 principia,
992 2253 1077 2341 quod
1092 2253 1278 2340 quibusdam
1293 2253 1396 2318 forsan
1410 2255 1513 2319 horni-

227 2357 319 2422 nibus
333 2359 435 2423 minus
449 2373 539 2448 grata
553 2375 626 2426 sunt
639 2360 752 2425 futura.
810 2361 874 2426 His
896 2362 947 2425 vel
969 2360 1119 2425 miracula
1134 2360 1184 2424 vel
1206 2360 1367 2447 qualitates
1382 2363 1514 2428 occultae

227 2464 381 2542 dicantur,
396 2490 468 2553 quae
481 2467 662 2552 displicent:
685 2491 794 2533 vemm
813 2469 941 2532 nomina
961 2467 1113 2533 malitiose
1135 2467 1233 2533 indita
1253 2492 1319 2533 non
1341 2482 1413 2534 sunt
1436 2471 1514 2556 ipsis

226 2577 321 2641 rebus
335 2577 410 2642 vitio
424 2578 574 2643 vertenda
582 2603 592 2656 3
607 2579 667 2642 nisi
681 2579 759 2643 illud
773 2578 863 2643 fateri
876 2578 1004 2642 tandem
1018 2578 1125 2654 velint,
1146 2578 1255 2664 utique
1275 2577 1391 2644 debere
1409 2579 1513 2662 philo-

226 2683 370 2768 sophiam
384 2685 417 2748 in
430 2685 584 2750 atheismo
597 2686 732 2750 fundari.
778 2685 906 2750 Horum
927 2686 1091 2749 hominum
1113 2685 1212 2774 gratia
1226 2708 1292 2749 nou
1306 2687 1366 2750 erit
1380 2686 1513 2752 labefac-

226 2793 320 2857 tanda
336 2794 544 2879 philosophia,
560 2795 712 2882 siquidem
727 2818 833 2860 rerum
847 2795 927 2859 ordo
940 2817 1005 2859 non
1020 2795 1087 2859 vult
1100 2797 1266 2862 immutari.

271 2899 436 2966 Obtinebit
449 2903 545 2989 igitur
559 2902 643 2986 apud
658 2902 774 2986 probos
788 2915 821 2966 et
834 2924 940 2988 aeqnos
955 2901 1078 2986 judices
1100 2903 1356 2985 praestantissima
1374 2901 1513 2986 philoso-

226 3007 344 3094 phandi
355 3009 444 3087 ratio,
456 3032 527 3095 quoe
538 3008 685 3073 fundatur
695 3011 730 3074 in
740 3009 959 3093 experimentis
971 3021 1003 3073 et
1013 3009 1291 3089 observationibus,
1327 3010 1415 3075 Huic
1426 3009 1511 3088 verb,

226 3116 289 3180 dici
304 3117 357 3179 rix
370 3117 495 3201 poterit,
520 3129 636 3202 quanta
649 3117 706 3180 lux
720 3116 857 3194 accedat,
884 3129 1000 3202 quanta
1014 3115 1159 3203 dignitas,
1182 3118 1223 3182 ab
1238 3118 1299 3183 hoc
1314 3140 1409 3203 opere
1429 3140 1513 3202 prae·

226 3223 312 3288 claro
326 3224 521 3288 illustrissimi
542 3224 642 3287 nostri
655 3225 794 3288 auctoris
802 3247 811 3300 3
832 3225 920 3308 cujus
935 3223 1082 3287 eximiam
1096 3224 1214 3311 ingenii
1228 3224 1414 3301 felicitatem,
1431 3224 1512 3288 diffi-

227 3332 342 3397 cillima
356 3353 488 3417 quaeque
497 3331 692 3416 problemata
706 3330 880 3408 enodatius,
896 3343 929 3394 et
942 3329 984 3393 ad
998 3354 1035 3394 ea
1048 3330 1145 3415 porri>
1159 3333 1363 3419 pertingentis
1377 3332 1418 3396 ad
1440 3356 1512 3419 quoe

226 3464 285 3506 nec
300 3464 371 3526 spes
385 3457 451 3507 erat
464 3441 634 3506 humanam
647 3453 785 3506 mentem
799 3462 960 3528 assurgere
974 3441 1122 3525 potuisse,
1140 3440 1252 3504 meritb
1266 3440 1459 3506 admirantur
1480 3457 1512 3507 et

227 3551 401 3635 suspiciunt
415 3551 592 3636 quicunque
605 3548 701 3634 pauld
714 3547 899 3634 profamdius
913 3547 946 3610 in
960 3547 1046 3612 hisce
1056 3547 1150 3611 rebus
1160 3548 1273 3611 versati
1287 3561 1370 3612 sunt.
1416 3551 1511 3614 Clau·

227 3662 298 3726 stris
312 3659 388 3748 ergb
402 3661 554 3737 reseratis,
578 3659 698 3724 aditum
712 3658 802 3722 nobis
817 3657 939 3743 aperuit
952 3656 993 3720 ad
1010 3656 1221 3741 pulcherrima
1234 3679 1340 3721 rerum
1353 3660 1509 3745 mysteria.

230 3771 409 3859 Systematis
431 3769 584 3834 mundani
607 3790 791 3856 compagem
815 3765 1076 3853 elegantissimam
1098 3766 1142 3828 ita
1163 3764 1289 3828 tandem
1310 3766 1455 3850 patefecit
1479 3781 1511 3832 et

226 3876 361 3964 penititls
375 3875 633 3963 perspectandam
647 3875 751 3952 dedit3
775 3886 810 3937 ut
830 3894 889 3936 nec
907 3872 984 3956 ipse,
1005 3875 1032 3935 si
1053 3894 1137 3935 nunc
1151 3873 1357 3950 revivisceret,
1379 3897 1437 3938 rex
1452 3877 1510 3940 Al-

227 3987 367 4073 phonsus
381 3985 431 4050 vel
447 3984 675 4068 simplicitatem
689 3982 739 4046 vel
758 3980 931 4044 harmoniae
944 3979 1077 4067 gratiam
1089 3979 1124 4041 in
1138 4001 1175 4042 ea
1189 3978 1389 4046 desideraret.
1445 3982 1510 4048 Ita-

227 4120 289 4184 que
302 4108 422 4161 naturoe
436 4095 627 4179 majestatem
640 4091 770 4177 propiris
779 4093 846 4176 jam
859 4089 933 4154 licet
942 4090 1065 4167 intueri,
1082 4102 1114 4183 et
1127 4089 1305 4156 dulcissima
1318 4092 1509 4176 contempla-

228 4209 312 4272 tione
325 4207 396 4285 frui,
418 4204 612 4271 conditorem
626 4203 701 4268 verb
715 4224 751 4266 ac
765 4201 927 4265 dominum
941 4201 1155 4263 universorum
1171 4199 1339 4286 impensitis
1354 4201 1457 4266 colere
1477 4218 1509 4266 et

227 4319 377 4395 venerari,
406 4318 462 4403 qui
489 4315 606 4380 fructus
632 4327 679 4378 ast
702 4310 909 4397 philosophiae
934 4309 1033 4373 multb
1058 4310 1242 4375 uberrimus.
1287 4311 1416 4374 Caecum
1440 4333 1508 4376 esse

227 4439 360 4513 oportet,
376 4428 430 4512 qui
444 4448 485 4491 ex
499 4425 623 4511 optimis
638 4435 670 4488 et
684 4420 915 4507 sapientissimis
930 4441 1035 4484 rerum
1049 4420 1211 4484 structuris
1225 4439 1289 4481 non
1303 4418 1408 4481 statim
1421 4418 1508 4484 vide-

226 4551 260 4602 at
275 4536 481 4602 Fabricatoris
496 4533 715 4618 omnipotentis
729 4531 883 4598 infirritam
897 4529 1079 4616 sapientam
1093 4544 1125 4596 et
1138 4531 1323 4596 bonitatem:
1350 4529 1507 4609 hamum,

228 4645 282 4732 qui
294 4643 435 4730 profiteri
448 4642 535 4708 nolit.
