3188 5444
561 504 903 577 PHILOSOPHIAE
927 501 1204 570 NATURALIS
1258 504 1532 585 [Momconron.

799 768 956 833 scholium.

277 946 316 1010 In
332 945 380 1008 his
394 944 539 1009 omnibus
554 963 698 1028 suppono
713 939 845 1004 fluidum
859 960 901 1002 ex
915 937 1044 1002 materiis
1061 937 1166 1024 quoad
1180 936 1379 1001 densitatem
1394 948 1427 1001 et
1436 937 1528 1002 fluidi-

232 1067 328 1118 tatem
344 1053 491 1117 uniformi
505 1066 656 1117 constare
702 1049 782 1115 Tale
798 1049 892 1113 estin
907 1071 971 1135 quo
985 1048 1099 1136 globus
1115 1046 1200 1112 idem
1214 1047 1335 1112 eodem
1349 1070 1424 1111 cum
1438 1063 1522 1123 motu,

231 1159 266 1223 in
281 1160 391 1225 eodem
406 1159 555 1245 temporis
569 1156 742 1234 intervallo,
758 1170 861 1220 motus
877 1155 992 1219 similes
1008 1167 1039 1218 et
1058 1153 1206 1239 aquales,
1230 1154 1276 1217 ad
1298 1154 1439 1241 aequales
1452 1178 1521 1218 aan-

232 1287 325 1351 pera
339 1289 371 1330 se
386 1265 556 1341 distantias,
573 1262 673 1327 ubivis
688 1263 721 1325 in
734 1261 833 1326 fluido
855 1262 1051 1339 constitutus,
1074 1282 1253 1348 propagare
1269 1261 1386 1346 possit.
1432 1261 1518 1328 Cona-

231 1386 285 1439 tur
299 1375 426 1460 quidem
441 1374 571 1438 materia
584 1394 641 1459 per
656 1385 776 1437 motum
791 1395 883 1436 suum
898 1371 1082 1436 circularem
1097 1371 1246 1436 recedere
1262 1372 1306 1436 ab
1321 1394 1386 1437 axe
1401 1374 1517 1447 vortin's,

233 1495 265 1546 et
279 1494 445 1568 propterea
459 1482 573 1566 premit
594 1482 753 1547 materiam
775 1504 901 1546 omnem
925 1480 1113 1547 ulteriorem.
1159 1482 1212 1547 Ex
1225 1481 1291 1547 hirc
1311 1483 1520 1567 pressionelit

232 1589 354 1653 attritus
378 1589 514 1673 partium
537 1589 646 1654 fortior
661 1603 693 1654 et
707 1589 863 1674 separatio
884 1588 925 1654 ab
944 1590 1077 1654 invicem
1099 1589 1276 1668 difficilior3
1301 1591 1413 1676 et'per
1425 1614 1520 1655 conse·

233 1719 332 1782 quens
348 1695 531 1760 diminuitur
545 1697 684 1761 materiae
698 1696 846 1762 fluiditas.
893 1697 1016 1760 Rursus
1038 1696 1064 1759 si
1085 1709 1190 1781 partes
1210 1696 1305 1761 fluidi
1328 1713 1407 1762 sunt
1421 1699 1520 1761 alicubi

232 1804 399 1870 crassiores
414 1829 469 1870 seu
484 1808 627 1892 majores,
643 1806 779 1872 fluiditas
794 1806 839 1871 ibi
852 1807 955 1871 minor
969 1807 1037 1883 erit,
1060 1807 1102 1870 ob
1116 1808 1283 1892 pauciores
1300 1809 1520 1894 superficiaria

233 1912 346 1996 quibus
360 1927 464 1997 partes
485 1927 667 1997 separentur
677 1913 718 1978 ab
732 1915 874 1978 invicem.
920 1913 959 1976 In
981 1913 1157 1999 hujusmodi
1180 1915 1307 1980 casibus
1331 1916 1520 1980 deficientem

231 2017 416 2084 fluiditatem
432 2019 479 2084 vel
493 2021 668 2085 lubricitate
690 2021 827 2107 partium
840 2020 890 2085 vel
904 2020 1025 2085 lentore
1039 2020 1139 2085 aliave
1152 2021 1259 2108 aliqui
1275 2023 1460 2090 conditione
1478 2047 1520 2089 rc-

233 2126 320 2189 stitni
333 2148 490 2212 suppono.
533 2128 614 2194 Hoc
624 2127 684 2192 nisi
699 2127 764 2206 fiat,
779 2127 909 2192 materia
923 2126 978 2191 ubi
992 2128 1095 2192 minus
1109 2128 1205 2194 fluida
1228 2142 1279 2194 est
1300 2132 1407 2220 magis
1426 2131 1520 2196 cobar·

233 2233 314 2298 rebit
327 2248 359 2299 et
373 2235 499 2323 segnior
513 2235 582 2314 erit,
598 2236 736 2324 ideoque
746 2247 869 2301 matrim
881 2233 999 2299 tardius
1014 2235 1143 2320 recipiet
1164 2235 1204 2321 (⁴)
1220 2248 1255 2300 et
1269 2236 1401 2326 longius
1415 2260 1518 2323 props-

231 2342 319 2429 gabit
340 2343 434 2429 quam
457 2367 516 2428 pro
541 2345 662 2410 ratione
685 2346 827 2430 superius
853 2344 1021 2432 assignati.
1064 2346 1102 2431 (⁸)
1119 2347 1155 2413 si
1168 2345 1276 2434 figura
1297 2349 1384 2413 vasis
1404 2371 1466 2412 non
1485 2349 1518 2414 sit

266 2519 299 2583 (⁶)
311 2525 324 2551 ⁸
340 2523 472 2583 Etloagius
484 2524 616 2583 perpogobr't
632 2521 703 2584 qndm
768 2523 857 2570 ratim
889 2534 942 2567 rum
960 2519 1059 2568 circulos
1075 2519 1261 2570 describentium
1282 2533 1399 2586 ωηο
1413 2523 1516 2587 {ruffi

232 2587 336 2644 sirmiae
346 2584 471 2645 msigswtd.
508 2585 537 2632 ln
548 2586 704 2645 superionbns
714 2537 857 2634 donincum
888 2595 954 2631 aaut
966 2584 1050 2647 (Pron.
1065 2584 1140 2646 Lll.)
1157 2597 1186 2634 ut
1201 2585 1322 2649 quadrata
1332 2587 1494 2636 nanda
1503 2601 1519 2632 s

232 2645 334 2694 tionibus
347 2647 475 2694 Nevvtonus
489 2649 612 2709 supposuit
627 2647 727 2696 fluidum
743 2651 854 2713 homoge-
888 2657 968 2695 centro
981 2649 1011 2706 S;
1031 2661 1099 2696 erunt
1110 2649 1135 2696 in
1145 2651 1190 2697 boc
1201 2665 1257 2698 essa
1268 2661 1297 2699 ut
1308 2651 1428 2714 quanm
1436 2650 1515 2698 αὑ·

232 2724 303 2757 neum
322 2726 371 2758 esse
386 2723 411 2759 et
427 2712 567 2773 pressionem
584 2713 671 2775 ubique
689 2713 817 2775 aqualem
834 2714 853 2761 si
885 2711 960 2759 sriutn
975 2710 1136 2761 distantiarum
1152 2729 1225 2776 quarn
1237 2715 1359 2776 μοιὶωὲ.
1397 2717 1436 2764 ste
1453 2713 1513 2776 pani

231 2772 286 2821 rard
296 2774 320 2821 in
331 2774 426 2823 diversis
435 2791 450 2823 a
461 2777 553 2824 vorticis
563 2787 643 2824 centro
653 2776 767 2824 distantis
776 2776 854 2840 sliqus

231 2837 261 2884 sit
271 2839 371 2900 partium
381 2838 448 2887 fluidi
458 2851 500 2888 aut
510 2842 632 2901 pressionis
642 2840 794 2905 inequalitas,
811 2843 854 2888 mi·
1183 2857 1209 2908 ο

232 2916 313 2950 norem
325 2903 361 2951 vel
372 2905 483 2968 majorem
496 2904 632 2953 fluiditatem
648 2905 704 2952 inda
718 2915 800 2961 ortam,
818 2906 854 2953 ral

230 2963 361 3015 lubricitate
370 2970 471 3028 partium
483 2971 518 3016 vel
529 2968 618 3017 lentore
627 2969 700 3016 aliive
710 2967 789 3032 aliqud
799 2985 854 3018 con·

230 3029 318 3077 ditione
328 3032 358 3078 sd
369 3033 523 3096 equalitatem
531 3034 619 3080 restitui
630 3033 747 3093 supponit,
764 3045 791 3081 ut
802 3049 853 3081 vor·

229 3102 267 3140 ter
280 3094 303 3139 in
315 3094 397 3142 eodem
411 3107 470 3143 statu
484 3095 553 3159 juxti
563 3099 626 3160 leges
636 3097 785 3159 prescripta,
802 3113 854 3158 per-

230 3164 329 3204 maneat.
367 3159 422 3206 Hoc
433 3160 477 3206 nisi
484 3161 532 3217 fiat,
544 3164 640 3208 materia
648 3162 687 3208 ubi
695 3160 774 3208 minus
782 3160 854 3209 fluida

229 3231 270 3276 est,
283 3222 358 3284 magis
367 3224 491 3270 cobrcrebit
501 3235 524 3271 et
535 3225 628 3288 segnior
635 3226 684 3279 erit,
696 3223 795 3287 ideoque
803 3240 853 3271 rno-

229 3293 279 3331 tum
292 3288 386 3347 aglobo
401 3287 496 3334 cantrali
517 3290 716 3336 communicatum
735 3288 853 3336 difficilibs

229 3349 359 3403 acardits,
377 3351 465 3398 ceteris
481 3355 580 3412 paribus,
601 3354 707 3415 recipiet3
728 3353 768 3401 aed
784 3353 851 3400 illurn

229 3411 323 3475 longius
338 3415 480 3478 propagabit
517 3417 580 3464 Nam
596 3419 615 3464 si
631 3418 723 3464 vorticis
733 3426 808 3478 psrtes
819 3417 852 3466 itd

228 3475 288 3523 inter
304 3494 328 3525 se
339 3489 428 3554 etcum
446 3478 517 3542 globo
535 3482 682 3538 cohaererent,
702 3491 730 3528 ut
746 3480 851 3556 nullievi

225 3546 850 3672 lii‘lllqu‘iiiilii‘fflfflffiitffi

226 3670 408 3733 vectisrigidus,
429 3672 499 3720 simul
518 3674 742 3721 circumvolveretur.
779 3673 849 3722 Unde

225 3733 273 3793 qud
284 3736 359 3797 magis
370 3747 446 3796 partes
457 3738 504 3784 illas
514 3739 638 3793 cohaerent,
654 3736 683 3784 ed
694 3736 787 3802 longius
797 3754 847 3785 mo-

224 3799 848 3911 ssfflr‘rss
934 3833 938 3874 =

224 3930 847 4056 ttttttttttttttttttttltttttttttt

222 4053 396 4110 possibilitatem
409 4058 539 4105 Nentonus
549 4057 668 4118 proposuit
678 4058 703 4103 in
716 4059 770 4107 Cor.
784 4064 806 4105 2.
820 4065 842 4105 4.

222 4120 244 4162 5.
259 4127 282 4162 et
293 4123 316 4165 6.
333 4119 402 4179 Prop.
419 4121 480 4170 1.11.

254 4180 288 4241 (³)
303 4185 314 4212 '
328 4187 353 4230 Si
359 4187 443 4249 figura
464 4189 523 4235 onds
543 4204 591 4235 nnn
606 4189 636 4234 sit
656 4191 774 4249 splsaen'cn.
811 4189 846 4236 Sit

223 4243 279 4290 CN
293 4246 319 4292 H
333 4247 367 4303 K,
390 4248 465 4311 flgurs
484 4251 543 4297 vasis
561 4252 586 4297 in
607 4266 655 4313 qno
674 4251 773 4298 fluidum
795 4253 845 4300 salo

220 4307 317 4365 sphaerae
335 4315 356 4357 Α
371 4312 393 4358 L
413 4313 432 4360 F
449 4314 552 4374 impulsu
572 4327 654 4378 agatur
673 4316 697 4361 in
716 4319 803 4372 orbem,
821 4328 844 4363 at

219 4372 338 4445 particule
349 4374 414 4424 fluidi
425 4379 694 4440 qnnrssissnperficiem
706 4381 726 4428 C
737 4382 761 4427 N
772 4381 798 4427 H
809 4381 843 4436 K,

218 4444 365 4498 contingunt,
382 4444 537 4489 movebuntur
548 4443 572 4489 in
584 4443 651 4490 lineis
662 4459 708 4490 non
725 4444 841 4491 circulari·

217 4498 267 4553 bus.
285 4500 325 4546 sed
336 4503 494 4552 conformibus
504 4505 580 4554 eidem
592 4508 650 4555 vasis
661 4507 750 4570 figura,
768 4511 837 4569 parti·

216 4561 276 4634 culn
294 4563 349 4611 rard
366 4581 420 4628 qun
438 4571 532 4630 sphaerae
545 4572 568 4618 Α
582 4572 604 4618 1,
618 4572 759 4633 Fproximre
776 4584 838 4630 sunt,
871 4577 931 4624 cnlae
950 4577 971 4624 P
986 4578 1083 4624 orbitam
1099 4578 1119 4624 B
1133 4577 1155 4624 P
1168 4579 1191 4626 G
1210 4581 1230 4626 B
1245 4580 1401 4633 deserdsentis
1414 4595 1492 4643 ww

215 4626 314 4701 circulos
324 4627 460 4680 describent.
500 4634 568 4682 Undd
578 4634 626 4697 qud
637 4637 710 4699 magis
720 4637 840 4697 particula
872 4641 1014 4701 periodicum
1033 4642 1078 4688 erit
1098 4657 1170 4702 quarn
1193 4645 1305 4703 proxime
1322 4659 1350 4695 nt
1368 4649 1491 4710 φώκη

214 4685 281 4736 fluidi
293 4707 307 4738 s
318 4694 408 4752 sphaeris
419 4698 513 4744 centrali
525 4697 618 4753 distant,
630 4699 659 4748 ed
670 4700 744 4763 magis
754 4701 839 4748 orbita·
870 4705 985 4752 distantia
1000 4705 1020 4751 P
1033 4706 1056 4759 S,
1075 4720 1129 4765 que
1140 4718 1176 4752 est
1187 4709 1268 4755 medis
1284 4712 1429 4760 arithmetirs
1443 4714 1492 4757 im

214 4756 838 4890 trininitastriferius?
870 4768 1493 4900 transmissit

828 4861 835 4872 ¹
1434 4872 1441 4896 Ι
