3188 5444
344 916 643 1017 INDEX
687 916 1094 1015 CAPITUM

468 1232 753 1299 VOLUMINIS
784 1231 943 1298 PRIMI.

621 1536 787 1561 MUUSQU

67 1747 266 1829 Dyinitiones
265 1784 1259 1807 ......................................................................
1284 1675 1344 1804 pqI

66 1853 243 1930 Asinaia,
264 1849 435 1935 sioeLeges
449 1850 1259 1914 Motus
1308 1855 1347 1912 15

363 1961 420 2026 Du
436 1959 545 2025 Moru
561 1959 758 2031 Coneouuu
774 1945 1049 2022 Lmon'anus.

67 2072 165 2136 Suet.
181 2071 208 2136 I.
284 2072 337 2136 De
349 2071 484 2134 methodo
496 2071 648 2134 rationum
651 2069 822 2151 primumn
836 2077 866 2130 et
879 2068 1050 2129 animumn
1054 2107 1261 2127 ...............
1306 2071 1347 2127 45

68 2180 162 2245 seer.
178 2179 223 2244 ΙΙ.
279 2181 1258 2261 Deinventioneviriumcompoamm...........................
1306 2183 1347 2240 65

68 2289 159 2353 ster.
176 2288 240 2353 III.
278 2290 331 2352 De
344 2299 424 2351 motu
437 2309 591 2370 coponem
606 2290 639 2351 in
654 2289 763 2351 conicis
776 2286 951 2350 sectionibus
972 2286 1146 2348 excentricis
1147 2327 1260 2347 .........
1288 2291 1348 2347 118

69 2398 159 2462 Stet.
175 2396 236 2461 IV.
280 2398 334 2461 De
345 2399 514 2461 inventione
523 2396 637 2460 orbium
647 2398 853 2480 emptionum,
863 2395 1105 2478 parabolicomnr
1116 2405 1146 2458 et
1154 2395 1262 2479 hyper·

322 2503 481 2566 bolieorum
495 2526 532 2567 eo
544 2504 682 2566 umbilico
698 2505 1261 2567 doto
1288 2508 1348 2566 135

51 2608 160 2679 ‚Such
175 2607 217 2672 V.
281 2611 336 2673 De
350 2613 520 2674 inventione
532 2611 646 2674 orbium
660 2610 712 2672 ubi
725 2610 878 2673 umbilicus
892 2618 997 2673 neuter
1011 2611 1103 2673 datur
1103 2653 1260 2673 ............
1288 2618 1348 2673 146

70 2716 159 2779 Sucr.
176 2714 234 2778 Vl.
280 2717 332 2780 De
347 2718 516 2780 inventione
529 2725 655 2780 motuum
668 2719 701 2780 in
716 2718 834 2780 orbibus
848 2719 930 2780 dotis
930 2760 1259 2781 ........................
1284 2724 1345 2780 201

71 2824 160 2887 ster.
176 2821 254 2887 VII.
280 2823 333 2887 De
346 2845 500 2906 corporum
510 2846 631 2888 ascensu
641 2834 671 2887 et
681 2826 818 2888 descensu
830 2825 985 2887 rectilineo
986 2867 1260 2886 ....................
1286 2831 1349 2890 226

72 2932 161 2997 δατ.
173 2933 270 2998 VIII.
279 2936 333 2997 De
347 2936 516 2998 inventione
530 2936 643 2998 orbium
659 2937 692 2998 in
707 2935 810 3018 quibus
823 2955 950 3017 corpora
963 2935 1076 2998 viribus
1090 2934 1265 3017 quibusmo-

322 3044 563 3124 quecentripetis
577 3044 698 3127 agitata
708 3044 898 3106 revolvuntur
899 3083 1261 3104 ..........................
1286 3049 1346 3106 241

74 3144 162 3210 secr.
179 3147 241 3212 lx.
285 3151 337 3213 De
358 3161 438 3214 motu
450 3174 604 3234 corporum
620 3153 653 3214 in
668 3152 787 3215 orbibus
807 3152 970 3227 mobilibus,
994 3152 1087 3233 deque
1107 3161 1187 3214 notu
1208 3172 1265 3233 ap-

320 3261 417 3321 sidum
418 3301 1260 3322 ............................................................
1286 3265 1349 3322 258

73 3362 162 3425 Sscr.
179 3362 222 3427 Χ.
285 3369 338 3430 De
352 3379 431 3431 motu
444 3390 597 3451 corporum
612 3372 645 3432 in
655 3370 859 3454 superficiebus
870 3372 960 3445 datis,
976 3368 1265 3453 deqitesrmependu·

323 3474 416 3536 lemn
431 3486 510 3538 motu
523 3479 675 3559 reciproco
675 3519 1262 3540 ..........................................
1287 3482 1349 3541 278

72 3579 162 3642 Sscr.
179 3579 241 3643 xl.
285 3584 339 3645 De
352 3595 431 3648 motu
444 3608 598 3669 corporum
612 3589 725 3652 viribus
739 3589 912 3670 centripetis
925 3608 956 3649 se
969 3597 1068 3650 mutuo
1076 3588 1243 3669 petentium
1288 3591 1345 3648 311

72 3690 160 3753 Ster-
178 3690 260 3756 XII·
286 3697 339 3757 De
353 3717 506 3779 corporum
520 3700 729 3781 spboericomm
743 3701 856 3763 viribus
870 3700 1262 3763 attractiva...............
1289 3701 1350 3760 357

71 3798 160 3860 Ster-
174 3797 276 3863 XIII·
287 3804 340 3864 De
354 3823 506 3885 corporum
521 3827 581 3868 non
595 3807 805 3889 sphericorum
819 3807 932 3870 viribus
946 3807 1116 3870 atnadiois
1117 3848 1262 3869 ...........
1289 3812 1350 3868 888

71 3907 158 3971 Stes.
177 3909 273 3974 xlv.
285 3914 339 3976 De
353 3924 432 3977 notu
445 3937 598 3998 corporum
613 3919 809 3994 minimorum,
832 3938 899 4001 quae
912 3917 1026 3980 viribus
1039 3919 1212 3998 centripetis
1225 3918 1269 3979 od

323 4025 458 4106 singotlos
472 4029 575 4110 magni
588 4026 716 4109 oliotjus
728 4030 862 4110 corporis
877 4036 985 4110 portes
998 4028 1185 4091 tendentibus
1199 4030 1267 4112 agi-

323 4144 1263 4205 tantur...........................................................
1290 4148 1352 4203 412
