3188 5444
154 461 215 517 354
450 449 790 518 PHILOSOPHIAE
814 447 1086 517 NATURALIS
1157 445 1435 530 [Momcorrroe.

150 628 231 692 rium
247 628 417 693 secundum
433 615 658 714 Propositionis
674 628 800 694 LVIII.
816 627 963 692 collatum
977 650 1049 691 cum
1064 625 1285 691 demonstratis
1295 625 1330 689 in
1341 622 1438 712 Pnp.

151 738 277 804 LXIV.
293 754 325 804 et
341 738 446 803 LXV.
492 740 697 804 Perturbatur
711 740 768 802 iste
781 751 885 802 motus
898 738 1051 823 ellipticus
1064 737 1293 825 aliquantulum
1306 758 1367 822 per
1375 734 1438 801 dis-

149 850 278 913 tantiam
292 850 391 913 centri
405 848 539 912 duorum
553 872 572 911 a
587 861 704 925 centro,
715 847 748 911 in

149 951 234 1037 quod
248 953 374 1015 tertium
390 952 413 1016 S
428 951 601 1018 attrahitur.
645 951 749 1017 Detur

150 1072 302 1143 praeterea
329 1073 431 1123 motus
462 1059 618 1123 communi
654 1060 748 1122 trium
800 1094 821 1155 S

149 1186 266 1252 centro,
297 1186 329 1238 et
356 1173 519 1261 augebitur
547 1172 748 1257 perturbatio.

150 1279 288 1344 Proinde
315 1281 443 1344 minima
472 1291 520 1344 est
546 1278 748 1364 perturbatio,

149 1387 203 1450 ubi
218 1410 381 1452 commune
403 1389 498 1452 trium
519 1399 659 1452 centrum
681 1388 749 1474 qui-

149 1497 244 1581 escit3
266 1496 327 1561 hoc
341 1509 398 1574 est,
415 1497 468 1562 ubi
480 1518 593 1580 corpus
604 1496 748 1558 intimum

151 1616 183 1668 et
196 1606 365 1668 maximum
382 1605 414 1669 T
428 1604 497 1692 lege
512 1617 695 1668 caeterorum
710 1601 893 1668 attrahitur:
916 1602 1013 1687 fitque
1028 1603 1127 1686 major
1137 1622 1270 1685 semper,
1282 1600 1336 1665 ubi
1346 1599 1424 1663 trium

154 1736 319 1779 commune
334 1714 412 1778 illud
427 1727 578 1792 centrum,
604 1713 638 1800 (f)
653 1712 823 1777 minuendo
837 1725 957 1777 motum
972 1712 1111 1796 corporis
1126 1711 1167 1789 T,
1186 1713 1307 1776 moveri
1320 1711 1420 1795 Incipit,

152 1835 183 1884 et
198 1821 298 1909 magis
314 1819 460 1907 deinceps
474 1821 635 1909 magisque
650 1821 793 1908 agitatur.

198 1933 295 1996 Corui.
320 1931 363 1996 Et
376 1931 459 2010 hiuc,
476 1933 502 1996 si
517 1953 649 2016 corpora
670 1931 762 2016 plura
783 1933 905 1996 miuora
927 1932 1128 1997 revolvantur
1150 1932 1234 1996 circa
1257 1934 1415 2006 maximum,

149 2038 299 2127 colligere
314 2039 387 2103 licet
411 2037 495 2125 quod
519 2038 631 2102 orbitae
653 2037 817 2122 descriptae
838 2039 966 2123 propius
991 2037 1139 2102 accedent
1162 2038 1202 2102 ad
1227 2039 1414 2125 elliptimaet

150 2168 292 2223 arearum
308 2145 532 2229 descriptiones
556 2144 633 2207 fient
655 2145 755 2232 magis
782 2144 960 2238 aequabiles,
987 2145 1013 2208 si
1039 2167 1172 2229 corpora
1195 2147 1301 2210 omniu
1323 2146 1411 2210 vinbu

148 2252 424 2329 acceleratricibus,
441 2273 511 2338 quae
526 2263 598 2315 sunt
613 2263 769 2315 uteorum
785 2252 865 2315 vires
881 2251 1031 2315 absolutae
1042 2251 1157 2316 directe
1169 2264 1201 2316 et
1213 2250 1409 2339 quadratadit·
1465 2266 1467 2275 '

149 2365 315 2428 tantiarum
330 2361 461 2439 inverse,
478 2385 511 2426 se
526 2375 635 2427 mutuo
650 2361 775 2427 trabant
789 2363 978 2451 agitentque,
994 2377 1026 2426 et
1040 2363 1151 2426 orbitae
1166 2364 1313 2449 cujusque
1332 2360 1407 2427 umbi·

150 2468 230 2536 licus
244 2470 415 2535 collocetur
430 2470 463 2533 in
481 2471 638 2534 communi
653 2483 761 2534 centro
782 2471 940 2558 gravitatis
962 2492 1128 2554 corporum
1150 2471 1289 2534 omnium
1311 2468 1406 2534 interit·

149 2599 220 2642 rum
244 2580 311 2662 [(⁸)
328 2578 476 2641 nimirum
493 2578 655 2641 umbilicus
671 2578 780 2641 orbitae
794 2579 905 2663 primae
920 2591 951 2642 et
965 2579 1083 2643 intimae
1096 2578 1129 2640 in
1151 2591 1262 2642 centro
1280 2572 1404 2667 gravitati!

148 2686 291 2769 corporis
307 2685 437 2749 maximi
452 2698 484 2748 et
498 2685 619 2761 intimi3
641 2684 693 2747 ille
708 2685 818 2748 orbitae
834 2685 988 2761 secundae,
1012 2685 1043 2747 in
1059 2685 1217 2747 communi
1240 2700 1341 2750 centro
1353 2700 1404 2769 gn·

150 2792 252 2856 vitatis
266 2814 435 2876 corporum
451 2791 586 2854 duorum
601 2791 801 2868 intimorum3
824 2792 880 2855 iste
895 2791 1004 2868 tertiae,
1027 2791 1058 2853 in
1074 2793 1233 2854 communi
1247 2805 1403 2875 cenuupe

149 2899 250 2963 vitatis
265 2900 362 2964 trium
377 2899 581 2975 interiorum3
604 2912 636 2962 et
650 2899 694 2961 sic
709 2898 871 2983 deinceps]
894 2921 987 2984 quam
1002 2898 1028 2962 si
1043 2919 1156 2982 corpus
1172 2899 1312 2963 intimum
1329 2894 1401 2985 quit*

149 3019 200 3070 cat
215 3019 246 3070 et
262 3020 415 3072 statuatur
429 3009 602 3072 communis
617 3007 780 3073 umbilicus
795 3009 965 3073 orbitarum
980 3009 1129 3073 omnium.

335 3282 619 3351 PROPOSITIO
642 3284 773 3351 LXIX.
819 3284 1091 3351 THEOREMA
1114 3285 1253 3353 XXIX.

146 3454 186 3519 Ia
200 3464 352 3540 systemate
365 3479 517 3540 corporum
526 3461 669 3541 plurium,
686 3459 727 3536 A,
745 3459 783 3534 Β,
801 3458 838 3537 C,
855 3458 898 3536 D,
915 3459 972 3522 &a
994 3461 1022 3521 si
1042 3479 1146 3540 corpus
1159 3461 1281 3543 aliquod
1293 3464 1321 3525 A
1331 3450 1395 3520 troii

190 3574 296 3628 catera
310 3568 410 3629 omnia
426 3567 465 3644 B,
488 3568 526 3645 C,
543 3567 587 3646 D,
604 3570 660 3633 &a
684 3569 794 3633 uiribus
807 3569 1058 3632 accelerati-icitia
1079 3590 1145 3652 qua
1157 3581 1226 3634 aaut
1238 3559 1395 3654 reciproci&

148 3758 257 3823 legentur
270 3759 443 3821 Propositiones
454 3766 494 3809 64.
507 3766 546 3811 65.
567 3761 719 3811 Perturbatur
734 3761 778 3810 iste
808 3777 836 3809 ee
846 3760 922 3824 magis
932 3761 1040 3823 deinceps
1050 3762 1176 3825 agitabitur
1191 3773 1295 3811 matrum
1307 3760 1396 3810 Μ

147 3835 228 3871 motus
248 3823 364 3885 ellipticus
385 3825 557 3888 aliquantulum
578 3842 620 3888 per
645 3826 777 3874 distantiam
808 3826 926 3889 gruritmis
936 3826 1007 3873 trium
1017 3842 1149 3888 corponrm.

148 3887 222 3936 centri
235 3888 265 3943 0.
278 3888 381 3935 duorum
394 3889 415 3937 Ρ
426 3898 450 3936 ct
461 3890 484 3937 T
494 3907 508 3937 a
520 3900 599 3938 centro
610 3891 634 3937 in
651 3890 715 3953 quod
731 3900 777 3938 ter-
841 3890 875 3953 (‘)
895 3894 907 3920 ⁰
926 3893 1049 3940 Nimirum
1061 3894 1182 3940 umbilieue
1191 3895 1268 3940 orbita
1275 3883 1396 3954 pauci·

147 3953 207 4000 tium
228 3952 368 4000 strabitur.
409 3956 488 4002 Detur
503 3955 615 4016 protered
634 3965 709 4004 motus
728 3970 776 4001 nou
807 3957 876 4012 tima,
888 3970 957 4017 quam
970 3971 990 4001 r.
1004 3971 1039 4018 gr.
1051 3970 1136 4017 corpus
1146 3972 1244 4017 parvum
1262 3956 1328 4006 I'bis
1339 3950 1398 4022 wc,

148 4015 271 4063 uniformis
287 4017 313 4064 in
331 4016 446 4064 mmum
465 4022 583 4066 murmurii
601 4022 672 4067 trium
692 4030 775 4076 centro,
808 4020 843 4066 bit
853 4022 878 4066 in
889 4030 965 4067 centro
975 4022 1093 4081 grauitatis
1103 4025 1200 4082 corporis
1215 4024 1305 4069 nunni
1318 4030 1335 4068 ct
1346 4018 1397 4063 iri·

150 4080 224 4144 (quod
243 4081 370 4145 continget,
392 4081 412 4127 si
431 4097 516 4142 corpus
532 4083 642 4129 intimum
661 4093 685 4130 et
703 4085 777 4130 rnari-
813 4082 907 4145 Tquod
920 4082 968 4131 ferd
984 4083 1093 4130 coincidit
1108 4099 1164 4131 curn
1181 4085 1299 4133 communi
1312 4068 1398 4132 ccmo

148 4158 215 4192 mum
228 4145 258 4202 T,
270 4145 323 4208 lege
338 4156 476 4193 cateroeum
493 4161 540 4194 non
556 4148 684 4204 curabitur,
704 4158 732 4194 ut
748 4163 777 4194 ex
809 4147 929 4210 gravitatis
947 4148 1048 4194 duorum
1069 4147 1091 4195 P
1108 4149 1166 4196 etT
1186 4153 1239 4212 (per
1256 4150 1307 4199 ca.
1324 4153 1341 4195 t.
1352 4144 1400 4197 Μ

147 4207 217 4256 dIctis
232 4212 306 4272 patet)
323 4219 345 4258 et
366 4213 487 4272 augebitur
504 4213 654 4273 perturbatio,
671 4211 776 4273 pmirrdi,
809 4213 880 4271 65.);
904 4212 1030 4259 umbilicus
1044 4215 1122 4260 ortua
1138 4218 1246 4262 secunde
1261 4228 1327 4276 qun
1341 4212 1400 4267 W

148 4272 191 4319 bc.
807 4291 892 4336 corpus
904 4276 920 4323 S
930 4275 1039 4322 describit
1049 4280 1075 4324 in
1091 4281 1211 4326 cummuni
1227 4290 1303 4327 centro
1316 4266 1403 4340 pfl*
1432 4278 1437 4293 '

181 4335 211 4398 (¹)
230 4342 243 4368 ’
261 4341 389 4388 Μίπυειιὼ
398 4348 487 4388 matam
498 4342 596 4401 matoria
609 4341 637 4393 T,
646 4340 689 4387 dre.
722 4338 776 4394 Qut
810 4341 841 4395 0,
860 4357 979 4402 corporum
998 4345 1099 4389 duanam
1115 4345 1251 4391 intimorum
1263 4346 1314 4392 Pu
1325 4342 1356 4397 Tr
1367 4344 1404 4383 U·

148 4399 237 4447 ratione
248 4401 275 4449 fit
284 4413 424 4451 utcontrum
432 4418 557 4451 commune
563 4403 634 4451 trium
643 4419 774 4463 corponrru,
808 4404 893 4450 bilicus
903 4408 974 4452 tertie
986 4405 1067 4451 orbita
1077 4421 1148 4467 quarn
1164 4406 1230 4454 aliad
1246 4422 1326 4468 capus
1337 4397 1406 4471 W

149 4462 305 4513 intercidam
315 4482 412 4528 corpore
424 4468 475 4515 Set
486 4468 646 4524 Pmorentur,
663 4483 727 4515 nunc
738 4483 775 4514 uc·
808 4468 897 4516 distem
912 4467 1049 4515 desumet«
1064 4473 1089 4517 ia
1105 4475 1226 4519 conmuni
1235 4472 1407 4533 mar-pub*
1448 4510 1453 4527 .

149 4526 216 4575 cedet
226 4529 255 4575 ed
266 4545 350 4592 corpus
361 4532 384 4579 T
394 4546 458 4578 nuuc
468 4533 497 4579 ab
508 4532 550 4578 illo
561 4531 657 4585 recedet,
670 4546 712 4592 pro
722 4547 776 4578 mu·
807 4535 877 4580 trium
894 4535 1030 4580 interimar
1043 4537 1072 4589 Ρ,
1088 4536 1116 4588 Τ,
1127 4539 1151 4591 S,
1162 4535 1206 4582 &c-
1241 4536 1305 4584 um
1320 4533 1374 4582 itit!
1385 4530 1410 4574 Ι
1450 4586 1453 4591 ,

148 4591 199 4638 tutti
209 4606 332 4652 corporum
343 4594 441 4643 illorum
457 4595 574 4652 dimutii,
592 4605 616 4642 et
634 4597 689 4643 hiuc
708 4595 783 4658 magis
814 4596 959 4644 ratiocinium
970 4612 1011 4643 seu
1022 4596 1066 4643 trie
1076 4613 1117 4644 teu
1134 4610 1236 4661 quatum
1251 4610 1294 4649 sut
1307 4599 1369 4664 piu
1379 4591 1411 4641 Ἰ

148 4670 178 4703 tc
190 4655 265 4719 mugit
275 4659 448 4718 perturbabitur
457 4670 537 4710 motus
546 4659 665 4722 eilipticus
674 4669 698 4708 et
708 4660 784 4723 megia
814 4674 909 4723 corpora
920 4661 994 4724 (utin
1008 4660 1078 4723 Prop.
1092 4667 1132 4710 6⁴.
1146 4662 1200 4729 65.)
