3202 5446
243 480 302 548 692
563 465 906 535 PHILOSOPHIAE
930 466 1205 535 NATURALIS
1250 469 1374 551 [Mor.
1392 472 1540 540 Conon

235 665 317 728 aqua
330 654 472 726 tempore
486 639 598 704 minuti
615 639 705 703 unius
721 637 849 702 secundi
863 637 1042 714 descendet,
1065 652 1097 702 et
1111 653 1254 724 tempore
1275 644 1396 710 minuti
1419 647 1537 713 ulterius

234 757 364 821 secundi
379 756 544 831 ascendet;
567 768 598 818 et
613 755 657 818 sic
671 755 820 839 deinceps
843 754 962 819 vicibus
978 753 1105 818 alternis
1120 756 1153 817 in
1168 754 1344 819 infinitum.
1394 757 1444 840 (¹)
1462 756 1535 821 Non

233 866 407 951 pendulum
430 864 549 949 pedum
567 864 628 943 ὅτι,
648 863 851 950 longitudinis
872 873 1016 946 tempore
1040 862 1152 926 minuti
1175 863 1270 926 unius
1293 863 1431 927 secundi
1452 862 1535 928 ostil-

233 971 326 1037 latur.

278 1080 377 1143 Corol.
394 1088 424 1143 3.
448 1075 550 1140 Auchi
566 1088 672 1139 nutem
687 1076 737 1140 vel
751 1076 904 1140 diminuti
926 1075 1124 1162 longitudine
1144 1098 1247 1162 squoe,
1271 1091 1417 1164 augetur
1429 1079 1478 1144 sel
1490 1079 1532 1143 di·

148 1194 150 1201 ’
233 1211 252 1250 r
262 1187 386 1275 ,uiuitur
399 1196 522 1267 tempus
537 1184 789 1268 reciprocationis
805 1185 837 1247 in
851 1183 1056 1271 longitudinis
1071 1184 1192 1249 ratione
1211 1185 1454 1271 subduplicstsi.

446 1458 704 1524 ROPOSITIO
729 1457 836 1523 XLV.
885 1456 1157 1522 THEOREMA
1182 1457 1360 1523 XXXVI.

388 1635 543 1699 Undanmt
558 1633 698 1697 velocitas
713 1644 756 1697 est
773 1638 806 1696 in
820 1631 1028 1715 ntbdnplicatci
1042 1635 1163 1696 ratione
1176 1634 1393 1698 latitudinum.

279 1807 492 1894 Consequitur
507 1828 548 1870 ex
562 1806 795 1885 constructione
813 1805 1038 1888 Propositionis
1059 1805 1223 1890 sequentis.

475 2058 761 2125 PROPOSl'l'lO
785 2056 910 2122 XLVI.
957 2057 1216 2122 PROBLEMA
1241 2058 1285 2122 X.

620 2230 763 2297 Invenire
778 2233 961 2294 uelocitatem
975 2232 1132 2292 undarum.

276 2405 493 2470 constituntur
512 2403 685 2487 pendulum
701 2406 789 2487 cujus
804 2400 979 2488 longitudo,
995 2400 1076 2464 inter
1090 2411 1244 2484 punctum
1263 2403 1483 2485 suspensionis
1503 2415 1532 2466 et

234 2529 372 2580 ,ontrum
389 2512 598 2589 osculationis,
616 2523 759 2597 sequetur
773 2510 930 2575 latitudini
941 2509 1113 2574 undarum:
1130 2523 1162 2573 et
1176 2533 1239 2594 quo
1249 2525 1399 2595 tempore
1414 2513 1531 2596 pendn-

231 2619 298 2684 lum
312 2617 390 2680 illud
405 2616 612 2681 oscillationes
628 2616 766 2702 singulus
780 2612 915 2702 peragit,
939 2615 1049 2679 eodem
1064 2615 1159 2679 undae
1173 2615 1415 2704 progrediendo
1430 2618 1530 2682 nticu-

230 2728 337 2793 dinem
352 2749 439 2790 suam
455 2726 684 2810 propemodum
699 2727 877 2790 conficient

275 2837 444 2903 Undarum
466 2836 662 2900 latitudinem
685 2858 763 2899 voco
785 2857 964 2899 mensuram
986 2846 1203 2912 transversam,
1230 2856 1303 2920 quae
1326 2837 1380 2901 vel
1400 2836 1530 2901 vallibus

230 2946 311 3023 imis,
328 2946 378 3008 vel
393 2945 521 3008 summis
537 2944 726 3008 culminibus
742 2944 913 3028 interjacet
959 2942 1114 3028 Designet
1134 2943 1163 3004 A
1182 2940 1210 3005 B
1227 2940 1256 3006 C
1272 2942 1306 3006 D
1324 2942 1356 3007 E
1374 2943 1402 3008 F
1423 2965 1530 3027 super·

230 3051 335 3116 ficiem
350 3072 440 3136 aquae
456 3050 638 3138 stagnantis,
662 3049 755 3114 undis
778 3047 958 3112 successivis
981 3047 1199 3110 ascendentem
1214 3069 1251 3110 ec
1267 3046 1532 3125 descendentem

229 3664 352 3749 sintque
368 3665 408 3741 A,
427 3665 465 3741 C,
484 3664 523 3741 Ε,
540 3664 597 3727 &c
614 3662 771 3726 undarum
787 3661 931 3739 culmina,
949 3676 980 3726 et
993 3663 1029 3740 B,
1045 3663 1088 3741 D,
1104 3664 1139 3743 F,
1153 3665 1210 3729 Sic.
1227 3664 1323 3729 valles
1339 3662 1528 3730 intermedii.

230 3769 273 3834 Et
288 3770 435 3855 quonium
451 3783 553 3833 motus
569 3769 726 3831 undarum
736 3768 772 3830 fit
786 3789 843 3851 per
857 3791 947 3853 squae
959 3770 1167 3833 successivum
1180 3793 1343 3835 ascensum
1356 3784 1390 3836 et
1401 3772 1527 3835 descen-

229 3903 310 3958 sum,
335 3881 379 3944 sic
395 3895 431 3944 ut
445 3882 512 3965 ejus
527 3894 632 3964 partes
649 3881 689 3954 A,
708 3879 746 3954 C,
765 3878 803 3955 E,
820 3879 877 3942 &n
894 3901 965 3963 quae
979 3901 1063 3942 nnnc
1079 3880 1237 3944 altissimae
1252 3894 1335 3958 sunt,
1359 3903 1437 3946 mox
1453 3882 1527 3943 fiunt

228 3986 346 4050 infimae
355 4012 364 4064 3
388 4000 419 4050 et
434 3988 480 4050 vis
495 3987 620 4065 motrix,
646 3984 706 4073 qusi
722 3999 826 4070 partes
841 3985 999 4050 altissimae
1020 3985 1216 4051 descendunt
1231 4000 1262 4051 et
1276 3988 1398 4052 infimae
1419 4009 1526 4054 ascen-

229 4092 317 4170 dunt,
334 4106 382 4157 est
396 4094 520 4178 pondus
536 4117 626 4181 aqnae
641 4094 786 4170 elevatae3
808 4093 947 4158 alternus
962 4095 1014 4158 ille
1029 4118 1174 4159 ascensus
1189 4110 1221 4160 et
1235 4094 1407 4161 descensus
1423 4096 1526 4161 analo·

228 4224 286 4287 gus
302 4204 362 4266 erit
376 4205 473 4266 motui
490 4203 652 4287 reciproco
667 4226 757 4290 aquae
774 4205 804 4266 in
820 4204 931 4282 canali,
949 4205 1135 4293 easdemque
1151 4209 1301 4292 temporis
1317 4208 1406 4295 leges
1421 4208 1525 4273 obser·

229 4310 330 4374 vobit:
359 4323 390 4374 et
411 4326 580 4396 propterea
603 4316 672 4395 (per
689 4312 784 4394 Prop.
804 4312 942 4390 XLIV.)
966 4314 991 4374 si
1007 4313 1161 4378 distantiae
1183 4317 1266 4379 inter
1285 4315 1443 4378 undarum
1459 4314 1524 4377 locs

229 4419 377 4485 altissima
400 4423 440 4497 A,
460 4423 497 4498 C,
517 4421 545 4485 E
567 4436 599 4485 et
619 4423 727 4485 infima
744 4423 781 4499 B,
800 4423 844 4499 D,
863 4424 899 4499 F,
924 4426 964 4508 (“)
980 4437 1143 4510 oeqnentur
1157 4425 1264 4509 duplae
1278 4425 1411 4510 penduli
1427 4422 1523 4510 longi·

262 4604 303 4665 (“)
317 4608 330 4634 '
346 4608 411 4653 Nom
419 4610 549 4667 pendulum
557 4610 608 4668 ped.
624 4595 686 4672 ³1¹8·
696 4621 738 4652 sen
746 4606 797 4665 ped.
809 4614 830 4653 3.
838 4618 861 4655 et
894 4609 979 4657 clinsts
1000 4611 1140 4658 nubentibus
1160 4610 1272 4658 definivit.
1310 4612 1374 4660 Rem
1396 4607 1527 4673 meslino

230 4667 271 4713 lin.
279 4674 301 4715 8.
310 4669 560 4732 qtnmprosimeffll.
572 4671 674 4730 lint).
691 4670 785 4717 Clnn'ss.
797 4672 859 4718 ller-
893 4675 1039 4733 pertrectavit
1054 4673 1126 4721 celeb.
1148 4675 1179 4722 D.
1198 4675 1351 4722 Bemoullius
1362 4676 1386 4721 in
1401 4673 1527 4737 trypoly-

230 4747 314 4779 manus
324 4733 394 4779 Tom.
408 4734 460 4780 lll·
472 4735 565 4783 Comm.
579 4735 653 4782 Aecd.
667 4735 760 4793 Petrop.
771 4747 862 4782 motum
895 4738 993 4786 numici.
1030 4738 1322 4792 Hmwtbomsilubet
1335 4740 1402 4786 nde-t
1415 4740 1492 4786 lector.

229 4812 297 4858 sque
308 4797 332 4843 in
344 4798 406 4845 tubis
417 4813 484 4845 crum
500 4798 674 4862 quomodolibet
690 4799 720 4847 sd
736 4799 809 4846 basim
826 4800 861 4847 in·
928 4802 964 4866 (“)
984 4807 995 4832 ⁸
1014 4806 1150 4865 AEquesrtnr
1168 4806 1245 4865 aluph
1262 4807 1362 4866 pecudali
1379 4806 1524 4866 tamnus-t
