3202 5446
103 486 391 567 LrnnsSncunu.]
426 487 668 554 PRINCIPIA
691 489 1062 557 MATHEMATICA.
1320 506 1384 568 713

103 671 207 722 sutem
222 658 414 742 temporibus
427 658 491 724 itus
505 671 537 723 et
550 658 668 724 reditus
683 659 776 723 unius
791 661 896 724 eundo
915 661 1094 727 latitudines
1117 685 1188 728 sues
1211 666 1391 746 conficiunt,

101 767 162 833 hoc
177 782 232 847 est,
255 771 354 854 spatia
375 771 568 856 temporibus
581 771 828 856 proportionalia
847 784 1053 856 percurrunt3
1079 783 1111 836 et
1130 789 1298 858 propterea
1319 791 1392 842 sunt

101 878 313 965 aequiveloces.

145 990 213 1053 cas.
231 998 260 1052 8.
286 988 325 1051 In
339 988 451 1052 mediis
465 988 563 1075 igitur
583 989 737 1054 densitate
751 1004 783 1054 et
797 991 828 1053 vi
842 990 967 1056 elesticsl
989 993 1126 1077 paribus,
1150 995 1259 1078 pulsus
1281 1017 1389 1058 omnes

100 1107 173 1160 suut
194 1094 406 1182 aequiveloces.
452 1095 548 1172 Quod
564 1097 589 1159 si
604 1097 698 1161 medii
713 1097 762 1161 vel
776 1098 914 1163 densitas
930 1098 978 1162 vel
993 1100 1038 1163 vis
1052 1101 1177 1165 elsstica
1198 1102 1387 1178 intendatur,

99 1204 247 1289 quoniam
261 1203 307 1266 vis
322 1202 438 1266 motrix
452 1203 485 1265 in
501 1203 621 1268 ratione
635 1204 681 1267 vis
696 1204 841 1282 elasticae,
864 1218 897 1269 et
909 1206 1039 1270 materia
1051 1207 1206 1272 movendo
1220 1209 1253 1271 in
1268 1209 1388 1273 ratione

99 1313 259 1378 densitatis
285 1326 436 1399 augetur3
463 1313 498 1399 (ί)
521 1325 655 1398 tempus,
679 1336 743 1400 quo
768 1327 871 1379 motus
896 1315 991 1379 iidem
1016 1329 1205 1404 peragantur
1229 1339 1266 1381 eo
1288 1318 1385 1402 prius,

97 1420 261 1507 augebitur
275 1420 307 1482 in
323 1420 539 1504 subduplicatrl
554 1420 674 1485 ratione
689 1421 859 1499 densitatis,
877 1443 913 1485 ac
927 1422 1159 1487 diminueturin
1169 1423 1385 1509 subduplicatd

95 1528 216 1591 ratione
230 1527 276 1591 vis
288 1526 431 1591 elasticae.
480 1528 522 1591 Et
536 1543 704 1613 propterea
718 1529 865 1593 velocitas
879 1529 1028 1615 pulsuum
1043 1530 1102 1593 erit
1116 1532 1149 1595 in
1164 1533 1284 1597 ratione
1299 1555 1385 1597 com·

95 1634 197 1720 positi
212 1655 253 1697 ex
268 1635 388 1697 ratione
404 1634 620 1719 subduplicati
644 1634 803 1700 densitatis
825 1637 919 1700 medii
940 1637 1063 1701 inverse
1077 1649 1109 1702 et
1130 1641 1250 1705 ratione
1265 1640 1387 1707 subdu·

94 1743 207 1840 plicatis
222 1745 268 1807 vis
283 1744 416 1808 elasticae
431 1744 557 1808 directe.
604 1745 646 1820 Q.
662 1769 689 1809 e.
705 1745 737 1809 d.

60 1850 64 1857 “
139 1851 223 1915 Haec
239 1850 416 1935 Propositio
432 1852 559 1916 ulterius
574 1852 693 1936 patebit
708 1874 746 1915 ex
762 1853 992 1917 constructione
1005 1857 1157 1940 sequenti.

320 2123 604 2190 PROPOSlTlO
627 2125 757 2189 XLIX.
805 2126 1063 2192 PROBLEMA
1087 2128 1151 2193 XI.

177 2325 273 2387 Datis
287 2325 379 2385 medii
393 2325 541 2385 densitate
554 2332 583 2384 et
598 2325 630 2384 oi
644 2319 779 2398 eunici,
804 2324 940 2385 invenire
953 2325 1136 2386 velocitatem
1145 2326 1294 2406 peluem.

135 2515 304 2603 Fingamus
320 2514 457 2578 medium
472 2512 513 2577 ab
528 2513 727 2577 incumbente
741 2513 881 2596 pondere
895 2533 955 2596 pro
969 2534 1056 2576 more
1078 2514 1159 2577 aeris
1180 2515 1278 2578 nostri
1291 2536 1379 2579 com-

88 2622 199 2706 primi3
214 2624 313 2708 sitque
329 2623 360 2685 Α
376 2620 508 2685 altitudo
523 2620 616 2684 medii
631 2619 829 2705 homogenei,
853 2622 941 2705 cujus
955 2619 1079 2704 pondus
1095 2621 1239 2706 adaequet
1252 2622 1378 2706 pondus

90 2729 282 2805 incumbens,
300 2742 330 2792 et
344 2731 432 2813 cujus
446 2727 582 2792 densitas
597 2728 708 2792 eadem
722 2728 762 2791 sit
776 2749 849 2790 curn
864 2726 1017 2791 densitate
1031 2728 1126 2792 medii
1141 2731 1320 2815 compressi,
1344 2731 1377 2794 in

89 2862 152 2925 quo
173 2838 281 2924 pulsus
302 2852 524 2926 propagantur.
570 2838 727 2902 Constitui
749 2851 853 2901 autem
874 2838 1065 2925 intelligatur
1083 2840 1265 2924 pendulum,
1289 2842 1376 2926 cujus

120 3053 153 3115 (ί)
169 3054 276 3113 Tempus,
290 3069 336 3114 quo
347 3061 422 3099 motus
432 3053 502 3098 iidem
511 3060 661 3112 manser.
669 3051 712 3098 &a
747 3051 844 3099 ficiunt:
863 3052 914 3099 soni
923 3050 979 3100 verb
988 3052 1013 3099 in
1023 3053 1107 3100 sedern
1117 3057 1170 3101 edre
1180 3055 1286 3114 moducti
1297 3071 1327 3104 so
1336 3056 1375 3104 in.

89 3119 197 3177 Tempus
205 3131 254 3178 quo
264 3126 343 3162 motus
353 3130 394 3175 per
405 3115 505 3176 aqualia
515 3117 589 3174 sputis
599 3129 715 3177 peragun-
747 3115 858 3163 tensiores
868 3125 930 3171 suut,
942 3127 1051 3164 manente
1061 3127 1125 3174 tono,
1137 3133 1185 3180 quo
1195 3119 1272 3182 mejus
1279 3131 1314 3168 est
1322 3136 1373 3182 spe-

86 3193 126 3229 tur
137 3181 208 3228 estin
219 3181 307 3227 ratione
323 3176 453 3238 compositi
463 3193 492 3224 er
504 3177 667 3238 subduplicsni
678 3193 716 3226 ra·
746 3181 807 3227 tium
822 3179 886 3242 quod
901 3179 960 3228 s‘eris
978 3180 1097 3241 perticulae
1115 3181 1194 3229 eundo
1212 3193 1237 3229 et
1252 3183 1373 3232 redeundo

86 3249 153 3294 tione
166 3245 269 3292 meterius
284 3243 406 3290 movendis
422 3242 509 3290 directi
518 3251 542 3290 et
553 3242 714 3304 subduplicstl
745 3244 880 3292 describunt
896 3244 952 3292 dsto
967 3254 1086 3305 tempors;
1105 3257 1133 3293 ut
1151 3247 1170 3292 si
1186 3246 1273 3295 chordo
1283 3250 1372 3298 musice

85 3310 177 3357 ratione
192 3310 227 3356 vis
242 3308 345 3356 metricis
361 3307 450 3355 inversi
462 3313 514 3370 (per
532 3309 585 3355 Cor.
596 3312 620 3355 5.
640 3307 710 3369 Prop.
746 3307 845 3356 velidius
855 3309 969 3370 pulsetur,
985 3310 1084 3371 majores
1096 3311 1234 3358 vibretiones
1244 3310 1299 3359 doto
1309 3324 1370 3360 tem·

87 3373 205 3435 xx1v.)
225 3370 326 3439 ideoque
344 3373 370 3419 in
388 3374 432 3419 boc
448 3371 517 3419 tertio
532 3387 594 3426 cusu,
611 3381 711 3433 tempus,
744 3388 801 3433 pure
810 3373 908 3436 peregit,
920 3373 1063 3436 majoresque
1073 3373 1228 3423 oscillationee
1243 3376 1370 3436 particule·

85 3447 196 3486 manente
206 3438 281 3500 spatio
291 3437 413 3498 desumpto,
425 3436 548 3498 augebitur
559 3436 582 3482 in
592 3435 713 3496 subdupli·
745 3452 798 3484 rum
809 3438 867 3484 e’e'ris
877 3438 969 3493 excitet,
986 3448 1011 3486 et
1025 3453 1096 3486 sonus
1112 3438 1223 3487 intensior
1232 3441 1367 3501 percipitur,

84 3502 137 3550 ceti
147 3504 235 3550 ratione
246 3502 373 3558 densitatis,
388 3517 415 3548 ac
431 3500 575 3547 diminuetur
586 3501 610 3546 in
621 3500 710 3547 subdu·
743 3500 798 3548 licet
808 3511 879 3548 tonus
888 3500 951 3549 idem
963 3513 1058 3550 moneat
1067 3513 1091 3550 et
1102 3502 1199 3564 proindd
1209 3503 1322 3564 pulsuum
1333 3503 1368 3552 ls-

84 3567 170 3630 pliceui
180 3567 269 3614 mucre
276 3566 310 3612 vis
320 3567 426 3623 electiore,
439 3575 463 3612 et
473 3564 594 3625 properet
601 3565 711 3612 velocitas
742 3564 819 3613 titudo
838 3581 865 3613 ec
880 3565 989 3614 velucitus
1004 3581 1053 3614 oon
1068 3577 1195 3616 mutentur.
1233 3566 1294 3615 Ciun
1310 3583 1367 3632 ergo

83 3648 138 3695 quse
154 3642 226 3678 estut
237 3631 337 3692 spatium
356 3629 443 3678 directe
461 3639 485 3676 et
501 3640 593 3690 tempus
612 3628 710 3687 invent,
742 3639 807 3677 tenta
818 3630 848 3677 sit
858 3629 966 3678 velocius
984 3630 1043 3678 lucis
1053 3640 1080 3679 ut
1093 3647 1134 3693 per
1149 3632 1324 3692 atmospboerarn
1341 3633 1367 3680 in

85 3699 128 3760 (ob
143 3695 225 3743 datum
243 3697 345 3756 spetlum
361 3711 402 3756 per
420 3695 501 3756 Hyp)
519 3695 563 3741 erit
581 3694 605 3740 in
623 3694 712 3741 reticem
743 3695 837 3741 instanti
848 3693 925 3757 quced
936 3709 1031 3742 sensnm
1041 3706 1182 3759 propagetur
1193 3699 1245 3757 (per
1255 3696 1325 3743 schol.
1335 3697 1366 3744 sd

84 3760 212 3821 compositi
223 3776 250 3807 ex
262 3761 351 3807 ratione
361 3758 523 3819 subdupticau
533 3758 652 3805 densitatis
662 3773 711 3806 rne-
745 3758 817 3819 Prop.
831 3759 929 3806 xcvl.
944 3760 996 3807 Lib
1012 3760 1048 3818 1.)
1058 3779 1065 3818 ;
1082 3761 1101 3807 si
1113 3775 1185 3808 sonus
1195 3772 1217 3806 et
1229 3759 1270 3806 lux
1281 3760 1365 3808 eodem

84 3824 117 3872 dii
128 3824 226 3881 inverse,
243 3835 267 3872 et
282 3824 372 3871 ratione
388 3822 548 3883 subduplicstit
560 3824 595 3870 vis
610 3822 711 3870 clasticre
743 3832 832 3883 puncto
843 3824 953 3884 temporis
963 3825 1099 3879 excitentur,
1111 3824 1146 3872 uti
1156 3824 1181 3870 in
1192 3823 1306 3871 mechinIs
1316 3825 1365 3872 bel-

85 3887 185 3946 dirceti3
203 3888 244 3936 sed
260 3888 320 3935 detis
335 3887 406 3934 medii
418 3887 531 3934 densitate
541 3895 566 3934 ct
575 3887 597 3934 si
608 3885 709 3945 elucet,
742 3886 792 3933 licis
802 3885 1365 3951 flemmeetfregorpruducuntursimul,etspec·
1382 3912 1388 3951 v,

84 3953 194 4000 velocitas
209 3953 329 4014 pulsuum,
347 3963 475 4077 utcumpue
485 3952 586 3998 varietur
601 3951 709 4011 spetium,
741 3961 802 3999 tator
819 3952 919 4011 spatium
938 3968 986 4014 quo
1004 3968 1019 3999 s
1036 3967 1131 4013 corpore
1148 3962 1269 4000 raonsute
1286 3953 1366 4013 distet,
1383 3984 1386 3989 ,

82 4016 137 4064 dete
152 4027 192 4072 est,
211 4021 263 4081 (per
276 4017 327 4064 Cas
345 4022 365 4063 t.
378 4027 402 4063 et
413 4022 435 4062 9.
466 4014 522 4079 ergo
537 4015 646 4062 veronus
656 4015 708 4074 pul·
741 4025 880 4078 tempusque
896 4017 960 4081 quod
976 4015 1038 4064 iuter
1054 4016 1150 4063 luminis
1160 4026 1184 4064 et
1199 4016 1250 4064 soni
1269 4032 1364 4078 percep·

82 4097 153 4128 suum
165 4082 209 4128 erit
219 4096 309 4141 semper
320 4082 343 4126 in
351 4081 441 4127 ratione
448 4078 574 4140 compositi
584 4093 612 4126 ex
619 4079 709 4126 ratione
740 4080 815 4127 tiones
831 4081 958 4138 intercedit,
974 4079 1121 4136 dimediatur,
1137 4081 1188 4127 soni
1204 4081 1312 4129 velocius
1326 4082 1363 4128 in-

82 4145 244 4207 subduplicati
260 4144 379 4192 densitetis
389 4144 459 4191 medii
476 4143 564 4191 inverse
580 4142 708 4202 etmtione
739 4154 849 4192 notescet.
886 4148 966 4210 Atque
982 4161 1011 4192 eo
1026 4145 1097 4192 ruodo
1107 4145 1132 4190 iu
1147 4144 1216 4192 variis
1231 4145 1366 4208 ugioninus

82 4208 245 4270 subdupliceti
256 4206 501 4256 viselasticaedirectb
740 4207 803 4255 veris
813 4209 974 4258 omnen
985 4208 1092 4256 velocitas
1101 4209 1161 4264 soni,
1172 4208 1365 4274 etinAngliied

115 4279 170 4322 ³18.
191 4274 230 4320 Ex
241 4273 285 4320 hic
298 4273 460 4334 Propositione
470 4280 533 4333 patet
543 4287 586 4320 cur
596 4271 647 4320 soni
657 4287 708 4319 ont·
740 4272 857 4320 celeritste
865 4272 926 4333 ferri,
941 4272 1082 4322 Flernstedio
1092 4283 1116 4320 et
1128 4273 1311 4335 Helleyorisum
1319 4285 1362 4330 est,

81 4339 119 4385 nis
129 4338 228 4400 generis,
245 4337 322 4400 gravis
332 4348 355 4384 et
366 4348 457 4388 acutus,
475 4337 581 4383 intensus
591 4346 615 4383 et
629 4336 710 4384 remis·
741 4336 788 4400 qui
798 4336 868 4397 pedes
880 4337 1042 4387 Londinenses
1052 4336 1105 4397 plus
1116 4337 1194 4385 minus
1210 4343 1277 4395 1142,
1297 4339 1363 4388 Peri·

81 4418 130 4459 ιω,
147 4402 197 4463 peri
211 4401 330 4449 velocitate
341 4401 365 4447 in
377 4401 459 4448 eodem
475 4402 528 4448 abrs
543 4409 707 4464 propagentur.
741 4399 827 4448 sienne
837 4400 892 4451 verb
905 4408 972 4458 toro,
984 4411 1088 4462 tempore
1098 4401 1183 4449 minuti
1194 4403 1265 4451 unius
1280 4419 1364 4452 secun.

22 4454 31 4471 ⁶
82 4466 146 4515 rum
157 4481 267 4513 sonorum
277 4465 487 4526 divmiusquoed
496 4474 707 4525 mnemon,
741 4464 765 4512 u
777 4477 927 4526 mmm
960 4466 1025 4522 uun
1035 4464 1198 4514 vesonum
1208 4478 1232 4514 et
1242 4468 1276 4514 vu
1286 4469 1364 4517 etna

80 4547 96 4579 u
106 4546 205 4578 numero
216 4530 327 4592 pulsuum
338 4531 379 4592 qui
390 4531 414 4574 in
426 4531 478 4577 s'e're
489 4541 591 4589 tempore
601 4528 656 4576 dato
666 4544 707 4576 er·
739 4545 767 4577 cs
776 4530 836 4577 aiiris
846 4531 946 4579 muntiis
955 4532 1079 4599 Terrarum
1088 4530 1152 4588 locis,
1163 4531 1364 4595 diversisqueenni

80 4595 188 4651 citantur,
211 4595 296 4656 pendet
327 4595 404 4654 ³16);
426 4603 451 4640 at
471 4597 523 4655 (per
539 4594 598 4641 benc
624 4593 707 4655 Prop)
739 4596 914 4654 tempestatibus
935 4597 959 4642 in
980 4594 1063 4642 eodem
1084 4595 1136 4642 loco
1157 4606 1287 4656 mutentur,
1308 4595 1364 4646 inde

80 4660 162 4722 pulsus
172 4661 238 4717 e'e‘ris,
251 4675 292 4706 seu
304 4674 319 4719 p
330 4674 382 4706 ures
393 4673 433 4704 seu
442 4658 564 4718 pauciores
579 4658 634 4704 dato
648 4667 707 4704 tem-
739 4673 835 4722 quoque
853 4660 939 4708 muteri
956 4668 1046 4720 oportet
1061 4660 1112 4706 soni
1123 4659 1275 4709 velocitatem.
1311 4662 1364 4710 Diu

80 4739 135 4783 pore
145 4725 311 4785 producentur,
328 4723 410 4770 eidem
426 4738 517 4783 semper
532 4722 652 4769 velocitate
662 4720 708 4769 dil'·
739 4721 854 4770 eredittnn
865 4737 908 4781 est,
925 4724 1098 4772 obrenuntibus
1110 4726 1245 4782 Mersenno,
1263 4726 1363 4774 Gessen-

79 4785 635 4848 fundunturetdetotemporcdetumspetium
652 4801 707 4834 eon·
740 4786 778 4840 do,
802 4797 826 4836 et
848 4789 995 4838 Academicis
1018 4788 1164 4846 Florentinis,
1181 4805 1265 4839 wnum
1288 4806 1364 4853 neque
