3202 5446
162 484 451 565 LraanSncuno.]
482 484 726 550 PRINCIPIA
750 484 1123 563 MATHEMATICA.
1368 490 1428 560 679

159 654 254 740 quim
276 655 377 743 figura
398 656 531 742 cylindri
551 657 661 721 eidem
677 658 839 722 'diametro
863 657 1019 745 descripti.
1067 661 1106 724 In
1132 662 1267 725 motibus
1290 659 1438 725 velocibus

159 762 331 826 resistentia
346 777 449 847 potest
464 787 531 828 esse
546 764 641 849 pauld
656 768 765 851 major,
786 780 951 851 propterea
966 768 1049 853 quod
1065 769 1229 832 elasticitas
1244 781 1275 832 et
1290 792 1440 853 compres-

159 876 205 939 sio
219 875 307 938 fluidi
332 880 371 961 (¹¹)
387 899 452 940 non
474 889 646 962 augeantur
664 877 697 940 in
717 877 873 962 duplicati
895 879 1015 944 ratione
1037 880 1216 944 velocitatis.
1263 880 1327 945 Sed
1340 880 1436 966 hujus

159 984 245 1048 modi
260 986 406 1048 minutias
421 986 552 1048 hicnon
568 987 723 1070 expendo.

201 1093 244 1156 Et
259 1093 399 1178 quamvis
414 1097 477 1168 a‘er,
494 1116 584 1179 aqua,
601 1106 764 1180 argentum
779 1093 884 1157 vivum
899 1106 930 1157 et
945 1094 1056 1158 similia
1070 1096 1176 1172 fluida,
1192 1119 1249 1180 per
1263 1095 1446 1159 divisionem
1494 1167 1500 1182 ·

155 1203 291 1282 partium
307 1202 339 1262 in
355 1200 521 1277 infinitum,
537 1200 770 1264 subtiliarentur
784 1213 816 1264 et
827 1201 938 1265 fierent
952 1202 1055 1265 media
1070 1203 1189 1267 infinite
1203 1203 1316 1277 fluida3
1340 1215 1445 1264 tamen

155 1306 257 1393 globis
272 1308 418 1392 projectis
433 1307 519 1370 haud
534 1309 637 1371 minus
652 1309 839 1372 resisterent.
888 1308 971 1371 Nam
995 1310 1175 1387 resistentia,
1201 1310 1240 1374 de
1262 1308 1322 1395 quai
1343 1309 1447 1395 agitur

155 1415 188 1478 in
212 1417 481 1502 Propositionibus
502 1419 764 1504 praecedentibus,
792 1420 891 1482 oritur
911 1418 951 1483 ab
971 1420 1081 1482 inertia
1102 1420 1258 1495 materiae3
1281 1433 1313 1483 et
1334 1418 1446 1482 inertia

155 1528 294 1591 materiae
316 1530 498 1613 corporibus
518 1529 689 1593 essentialis
704 1542 751 1593 est
772 1541 803 1592 et
825 1529 988 1614 quantitati
1010 1530 1148 1593 materiae
1171 1550 1293 1612 semper
1313 1550 1446 1612 propor-

156 1634 288 1698 tionalis.
335 1636 397 1700 Per
411 1637 596 1700 divisionem
610 1637 747 1721 partium
761 1635 860 1712 fluidi,
876 1636 1051 1700 resistentia
1062 1658 1132 1723 quae
1144 1637 1242 1700 oritur
1253 1635 1445 1699 atenacitate

155 1755 187 1807 et
200 1742 344 1808 frictione
365 1746 503 1829 partium
525 1746 657 1810 diminui
679 1747 804 1833 quidem
827 1759 947 1830 potest:
974 1746 1028 1810 sed
1054 1747 1208 1834 quantitas
1229 1746 1367 1809 materiae
1389 1765 1446 1828 per

155 1848 339 1914 divisionem
359 1854 496 1936 partium
512 1855 577 1938 ejus
592 1876 657 1917 non
672 1853 874 1928 diminuitur;
897 1866 928 1916 et
942 1868 1087 1917 manente
1109 1854 1281 1939 quantitate
1295 1852 1443 1927 materiae,

79 1970 80 1973 ’
155 1970 260 2021 manet
274 1960 340 2042 ejus
356 1960 402 2023 vis
418 1960 547 2036 inertiae,
571 1961 621 2022 cui
637 1960 820 2036 resistentia,
836 1959 876 2023 de
892 1958 952 2044 quai
967 1959 1018 2023 hic
1033 1960 1146 2046 agitur,
1169 1981 1292 2042 semper
1312 1978 1445 2042 propor-

154 2070 277 2134 tionalis
293 2084 349 2135 est.
396 2072 443 2137 Ut
457 2073 526 2134 haec
541 2073 716 2136 resistentia
729 2070 932 2147 diminuatur,
949 2069 1082 2133 diminui
1096 2070 1192 2134 debet
1207 2069 1363 2154 quantitas
1379 2089 1445 2130 ma-

154 2178 240 2241 teriae
254 2178 286 2240 in
302 2179 409 2262 spatiis
424 2202 481 2264 per
496 2201 567 2266 quae
583 2202 715 2264 corpora
729 2192 903 2243 moventur.
942 2179 985 2244 Et
999 2195 1167 2265 propterea
1181 2180 1280 2263 spatia
1295 2178 1443 2254 coelestia,

153 2305 212 2368 per
226 2306 297 2370 quae
311 2285 398 2373 globi
413 2286 609 2369 planetarum
624 2300 655 2350 et
670 2301 862 2350 cometarum
877 2287 910 2348 in
925 2308 1034 2362 omnes
1045 2300 1150 2371 partes
1161 2285 1318 2351 liberrime
1334 2298 1365 2349 et
1380 2286 1445 2349 sine

154 2391 241 2454 omni
264 2405 371 2456 motus
396 2393 603 2456 diminutione
625 2393 763 2456 sensibili
777 2405 930 2478 perpetuo
952 2406 1127 2470 moventur,
1151 2394 1249 2457 fluido
1268 2393 1354 2456 omni
1370 2411 1446 2455 ‘cor-

155 2519 254 2581 poreo
268 2499 488 2577 destituuntur,
506 2501 531 2564 si
546 2500 625 2563 forte
640 2522 770 2584 vapores
784 2499 878 2587 longe
889 2501 1085 2564 tenuissimos
1100 2514 1131 2564 et
1147 2502 1290 2584 trajectos
1304 2499 1381 2563 lucis
1395 2520 1445 2560 ra-

154 2603 223 2667 dios
238 2606 386 2690 excipias.

198 2701 375 2798 Projectilia
396 2716 502 2801 utique
525 2720 645 2778 motuni
667 2716 750 2779 cient
770 2715 803 2778 in
824 2714 928 2778 fluidis
950 2715 1191 2803 progrediendo,
1216 2714 1319 2778 ethic
1342 2726 1444 2778 motus

153 2823 252 2886 oritur
267 2823 306 2887 ab
321 2847 450 2888 excessu
464 2824 633 2908 pressionis
648 2823 736 2886 fluidi
752 2823 794 2886 ad
807 2823 977 2907 projectilis
992 2836 1097 2906 partes
1112 2825 1231 2885 anticas
1246 2843 1343 2905 supra
1356 2843 1444 2904 pres·
1469 2838 1480 2878 .⁴

154 2929 271 2993 sionem
288 2930 328 2993 ad
344 2933 408 3015 ejus
423 2945 527 3015 partes
543 2935 686 3018 posticas,
708 2948 740 2999 et
755 2958 818 2998 non
834 2937 937 2999 minor
951 2958 1018 2999 esse
1032 2949 1136 3019 potest
1150 2937 1182 2997 in
1197 2935 1307 2997 mediis
1323 2933 1444 2999 infinite

151 3035 256 3099 fluidis
270 3059 363 3122 quam
379 3039 412 3099 in
427 3041 508 3114 aare,
526 3039 605 3124 aquai
616 3054 647 3103 et
662 3056 793 3128 argento
808 3041 878 3104 vivo
892 3062 951 3123 pro
965 3040 1119 3105 densitate
1134 3040 1274 3103 materiae
1289 3040 1321 3103 in
1336 3040 1443 3127 singu·-

153 3142 201 3205 lis.
227 3141 293 3206 Hic
304 3156 408 3206 autem
418 3145 586 3227 pressionis
598 3168 753 3223 excessus,
770 3169 828 3231 pro
845 3148 1016 3233 quantitate
1031 3146 1097 3223 suri,
1109 3169 1173 3210 non
1189 3159 1308 3210 tanturn
1324 3160 1444 3211 motum

153 3250 214 3312 ciet
228 3249 260 3310 in
275 3248 382 3326 fluido,
400 3251 437 3333 (⁰)
453 3250 508 3312 sed
524 3251 617 3313 etiarn
632 3252 697 3339 agit
710 3252 743 3314 in
757 3251 918 3337 projectile
933 3252 974 3314 ad
988 3264 1108 3315 motum
1123 3253 1189 3337 ejus
1204 3251 1442 3317 retardandum:

153 3370 186 3422 et
196 3374 361 3443 propterea
377 3362 550 3425 resistentia
559 3363 590 3424 in
603 3363 688 3425 omni
698 3362 797 3426 fluido
811 3376 859 3426 est
874 3375 909 3426 ut
923 3375 1025 3426 motus
1036 3363 1069 3424 in
1080 3362 1177 3426 fluido
1189 3386 1207 3426 a
1221 3361 1374 3447 projectili
1386 3384 1443 3426 ex·

106 3494 109 3500 ·
153 3469 274 3546 citatus,
291 3491 348 3533 nec
364 3472 466 3533 minor
481 3495 547 3534 esse
562 3486 664 3556 potest
675 3474 707 3535 in
722 3473 838 3537 aetbere
853 3474 1052 3538 subtilissimo
1066 3497 1125 3558 pro
1140 3474 1292 3538 densitate
1306 3471 1441 3548 retheris,

154 3599 246 3664 quam
260 3577 293 3639 in
308 3583 390 3656 aere,
407 3580 485 3666 aqui
501 3596 532 3644 et
547 3596 676 3668 argento
691 3583 761 3645 vivo
776 3604 835 3665 pro
849 3583 1054 3647 densitatibus
1070 3585 1182 3647 horum
1197 3583 1375 3647 fluidorum.

155 3748 208 3798 Lib.
220 3753 255 3798 ll.
267 3763 290 3798 et
299 3752 322 3814 ip
330 3753 479 3814 sequentibus
490 3753 689 3814 Propositionibus
697 3770 783 3816 suppo·
815 3758 917 3812 latitatis,
934 3756 958 3801 in
969 3755 1016 3819 qual
1027 3766 1106 3803 tamen
1121 3755 1201 3818 augeri
1218 3753 1335 3810 deberent,
1351 3752 1386 3799 uti
1402 3768 1442 3800 er·

154 3815 226 3862 ritum
243 3827 284 3871 est,
301 3816 365 3877 globi
378 3828 401 3863 et
412 3817 518 3876 cylindri,
535 3833 637 3880 quonam
652 3819 734 3866 eadem
750 3829 785 3867 est
816 3820 917 3879 positum
928 3830 963 3867 est
973 3819 998 3866 in
1009 3821 1169 3880 experimento
1182 3824 1218 3866 19.

154 3878 273 3936 diameter,
286 3880 399 3942 aequalem
411 3896 460 3926 esse
470 3882 628 3928 resistentiam.
845 3884 880 3946 (⁰)
892 3888 906 3914 θ
919 3887 962 3932 Sed
977 3888 1045 3933 etium
1065 3887 1112 3946 ogit
1129 3886 1154 3932 ia
1170 3883 1291 3944 praJ'ectile,
1309 3896 1350 3942 per
1365 3879 1443 3929 mutila

185 3944 222 4006 (¹¹)
236 3947 249 3975 ⁸
263 3947 318 3993 Noa
330 3954 461 4007 augeantur
472 3947 496 3993 t'n
508 3945 626 4006 duplicatd
643 3950 728 3994 ratim
744 3964 779 3995 oe·
814 3947 904 4010 Legem
917 3947 968 3996 Ill.
