3188 5444
270 535 331 595 640
577 511 919 587 PHILOSOPHIAE
942 506 1221 575 NATURALIS
1281 502 1550 583 [Moacoasoa

255 715 378 771 constat
396 698 483 787 qudd
504 695 660 783 quantitas
682 713 782 778 equae,
808 708 881 774 quae
902 706 960 770 per
982 683 1126 748 foramen
1145 679 1305 746 circulare
1319 679 1356 744 in
1369 677 1472 742 fundo
1485 675 1551 741 vatis

256 781 382 887 factum,
398 809 473 872 dato
488 819 629 889 tempore
645 801 752 878 effluit,
768 822 806 864 ea
820 797 861 862 sit
874 817 947 882 quas
961 816 1036 859 cum
1049 792 1213 858 velocitate
1229 788 1403 876 predicta,
1426 809 1491 853 non
1508 808 1553 872 per

255 920 397 984 foramen
411 913 500 990 illud,
516 911 572 976 sed
586 933 643 994 per
657 908 798 972 foramen
812 904 974 980 circulare,
990 903 1079 989 cujus
1087 901 1241 966 diameter
1253 912 1308 964 est
1322 897 1366 964 ad
1381 897 1553 963 diarum

253 1026 416 1093 foraminis
440 1024 524 1087 illius
550 1034 585 1086 ut
606 1029 645 1084 21
673 1018 715 1084 ad
736 1026 789 1095 25,
816 1015 927 1080 eodem
950 1027 1093 1098 tempore
1115 1010 1244 1076 effluere
1269 1009 1384 1075 debet.
1431 1007 1552 1093 Ideoque

256 1157 338 1220 aqua
351 1132 406 1196 illa
421 1129 550 1195 effluens
564 1127 759 1191 velocitatem
779 1123 875 1187 habet
889 1122 1037 1186 deorsum
1051 1121 1086 1183 in
1099 1120 1170 1203 ipso
1184 1118 1349 1183 foramine
1365 1139 1461 1204 quarn
1473 1136 1554 1204 grase

258 1239 400 1306 cadendo
416 1251 447 1301 et
462 1258 536 1300 casu
551 1257 608 1298 suo
633 1234 673 1319 (q)
688 1229 897 1296 describendo
918 1228 1081 1294 dimidiam
1101 1225 1309 1292 altitudinem
1326 1247 1423 1311 aquae
1441 1225 1472 1287 in
1492 1245 1552 1287 vase

258 1347 429 1436 stagnantis
444 1345 604 1430 acquirere
618 1354 722 1426 potest
737 1338 989 1427 quamproxime.
1035 1337 1099 1404 Sed
1120 1351 1297 1421 postquam
1312 1336 1418 1400 exivit
1428 1357 1466 1399 ex
1477 1354 1551 1408 rste,

258 1457 450 1522 acceleratur
465 1452 685 1540 convergendo
700 1451 802 1515 donec
816 1450 857 1513 ad
872 1448 1049 1512 distantiam
1064 1445 1249 1510 aforamine
1266 1445 1431 1508 diametro
1443 1442 1552 1507 arani-

258 1568 307 1630 nis
322 1586 421 1649 prope
436 1563 589 1650 aequalem
603 1562 791 1646 pervenerit,
808 1572 840 1624 et
854 1559 1049 1623 velocitatem
1069 1554 1274 1643 acquisiverit
1289 1557 1448 1640 majorem
1466 1555 1496 1616 in
1512 1574 1553 1615 rs·

259 1675 344 1739 tione
360 1670 575 1756 subduplicatri
592 1670 705 1733 binarii
720 1669 760 1733 ad
776 1670 925 1732 unitatem
941 1664 1080 1739 circiter3
1102 1684 1197 1750 qnam
1212 1663 1331 1748 utique
1345 1683 1448 1749 grave
1460 1658 1553 1724 cadus

260 1784 313 1861 do,
340 1795 373 1848 et
394 1805 468 1846 casu
491 1804 548 1845 suo
569 1781 777 1845 describendo
799 1791 897 1843 totam
919 1775 1114 1841 altitudinem
1133 1796 1225 1859 aquae
1242 1773 1280 1836 in
1296 1796 1377 1838 vase
1391 1783 1551 1860 ψη

262 1892 422 1980 acquirere
437 1902 542 1975 potest
556 1887 802 1976 quamproxime.

308 2003 347 2067 In
362 2000 563 2087 sequentibus
585 1999 681 2087 igitur
703 1999 854 2062 diameter
880 2017 969 2060 venre

264 2109 445 2195 designetur
458 2129 517 2191 per
527 2106 669 2170 foramen
684 2105 762 2169 illud
772 2105 875 2167 minus
884 2101 969 2188 quod
1027 2100 1039 2136 ⁵

264 2215 444 2279 vocavimus
475 2214 504 2278 E
529 2213 566 2277 F.
612 2213 655 2277 Et
684 2216 780 2300 plano
808 2213 968 2278 foraminis

267 2324 296 2388 E
309 2322 532 2409 Fparallelum
547 2322 620 2385 duci
635 2322 826 2410 intelligatur
840 2321 968 2405 planum

265 2430 351 2496 aliud
373 2430 517 2514 superius
533 2430 564 2493 V
581 2430 629 2494 W
644 2429 686 2493 ad
708 2428 884 2493 distantiam
901 2428 969 2492 dia·

265 2537 543 2602 metroforaminis
565 2536 719 2623 aequalem
741 2536 863 2599 circiter
877 2549 908 2599 et
922 2534 969 2598 fo-

265 2647 385 2710 ramine
399 2646 517 2730 majore
535 2646 559 2711 S
575 2644 607 2709 T
620 2659 802 2730 pertusum3
818 2666 876 2729 per
884 2644 968 2730 quod

267 2755 376 2842 utique
397 2776 477 2818 vena
500 2753 602 2831 cadat,
630 2776 701 2839 quae
725 2754 887 2841 adaequate
911 2755 969 2817 im·

265 2864 351 2950 pleat
364 2865 508 2929 foramen
530 2863 658 2928 inferius
683 2862 764 2939 EF,
788 2877 882 2949 atque
898 2859 970 2926 idad
1061 2907 1087 2966 c

264 2975 353 3058 cujus
376 2973 529 3036 diameter
551 2973 592 3036 sit
613 2971 652 3034 ad
678 2970 865 3034 diametrum
886 2969 969 3033 fora·

263 3082 355 3143 minis
370 3079 523 3143 inferioris
539 3093 574 3142 ut
589 3087 630 3143 25
646 3078 686 3142 ad
701 3086 738 3141 ‘21
759 3079 890 3141 circiter.
938 3077 990 3143 Sic
1004 3077 1087 3140 enim
1102 3098 1183 3140 vena
1196 3097 1258 3160 per
1273 3076 1425 3142 foramen
1447 3076 1550 3141 inferias

262 3188 563 3274 perpendiculariter
578 3188 738 3262 transibit3
761 3200 793 3251 et
807 3188 961 3273 quantitas
977 3209 1066 3271 aquae
1081 3186 1248 3265 effluentis,
1274 3211 1340 3273 pro
1356 3185 1550 3277 magnimdint

263 3298 423 3362 foraminis
438 3296 540 3381 hujus,
563 3321 600 3360 ea
614 3297 673 3360 erit
688 3319 781 3382 quam
798 3296 910 3360 solutio
927 3296 1133 3361 Problematis
1147 3298 1291 3381 postulat
1316 3294 1549 3386 quamproximti.

265 3404 408 3489 Spatium
422 3402 507 3480 verti,
531 3402 616 3487 quod
638 3403 740 3486 planis
753 3402 884 3466 ‘dnobus
900 3416 932 3465 et
947 3402 1024 3466 veni
1039 3402 1169 3465 cadente
1192 3401 1371 3482 clauditur,
1400 3427 1458 3489 pro
1470 3400 1549 3466 findo

263 3513 343 3576 vasis
366 3511 476 3575 haberi
500 3525 613 3595 potest.
661 3512 723 3576 Sed
747 3524 782 3574 ut
802 3511 915 3575 solutio
938 3512 1146 3577 Problematis
1168 3513 1351 3598 simplicior
1370 3513 1548 3598 sisenangi

262 3617 490 3694 mathematica,
514 3629 642 3700 praestat
656 3616 804 3680 adhibere
819 3617 947 3701 planum
963 3617 1063 3680 solum
1079 3616 1206 3682 inferius
1223 3641 1287 3703 pro
1303 3620 1409 3687 fundo
1423 3620 1505 3696 uasis,
1522 3632 1547 3680 st

263 3729 383 3816 fingere
398 3727 482 3813 quod
498 3751 579 3814 aqua
593 3750 664 3814 quae
678 3750 735 3813 per
748 3727 880 3815 glaciem
895 3750 953 3791 ceu
975 3750 1032 3811 per
1054 3727 1290 3792 infundibulum
1312 3730 1476 3807 defluebat,
1496 3740 1545 3790 ete

263 3862 335 3903 vase
360 3861 418 3923 per
441 3839 581 3903 foramen
609 3838 683 3903 EF
708 3841 740 3902 in
763 3839 858 3922 plano
878 3838 1023 3902 inferiore
1044 3837 1161 3901 factum
1183 3838 1425 3924 egrediebatur,
1444 3851 1544 3904 mom

263 4074 334 4137 quim
344 4091 386 4135 per
396 4076 508 4122 theoriam
526 4075 650 4131 invenitur,
667 4074 730 4137 qnod
747 4075 815 4122 variis
825 4075 892 4122 resis-
924 4074 1030 4121 cadendo
1045 4074 1182 4136 acquisitam
1199 4083 1228 4121 ut
1243 4075 1298 4123 lad
1313 4081 1348 4138 ql
1364 4080 1441 4137 md.
1456 4074 1501 4122 152
1513 4069 1540 4125 ll

263 4139 343 4186 tentiis
353 4140 503 4186 tribuendum
515 4155 564 4186 esse
581 4138 677 4191 videtur,
695 4150 718 4186 et
734 4139 795 4186 certe
806 4140 891 4186 illustr.
927 4138 980 4194 Sed,
998 4154 1025 4185 er
1037 4137 1107 4197 sopri
1117 4139 1223 4194 ostensis,
1246 4141 1362 4188 velocitas
1377 4156 1444 4204 aque
1452 4134 1554 4198 pass-'⁹

266 4203 374 4250 Marchio
393 4203 505 4260 Polenus,
525 4203 580 4250 etim
598 4204 623 4249 in
645 4203 716 4250 Libro
733 4203 763 4249 de
787 4204 894 4250 Caerellia
924 4203 1029 4250 foramen
1041 4203 1182 4249 transeuntis
1193 4212 1229 4249 est
1240 4203 1272 4251 ad
1284 4204 1432 4252 velocitatem
1442 4216 1479 4264 p«
1489 4212 1541 4244 Μ

264 4281 317 4328 pag.
335 4273 373 4313 6⁴.
395 4267 503 4327 opinatus
522 4268 602 4314 fuisset
621 4267 766 4314 velocitatem
785 4267 850 4313 illam
867 4268 892 4314 in
924 4277 1049 4314 contracte
1064 4267 1189 4313 sectiomm
1200 4266 1306 4322 fluentis,
1321 4269 1346 4316 id
1358 4281 1400 4325 aar,
1414 4268 1443 4315 ad
1452 4264 1539 4312 subt*

264 4331 428 4388 experimentis
434 4330 556 4378 valdeesse
564 4331 677 4378 minorem
686 4330 756 4393 quim
764 4331 787 4377 in
796 4331 891 4389 theoria,
924 4341 972 4377 tam
983 4345 1053 4392 quam
1070 4346 1140 4392 grase
1155 4331 1265 4378 edendo
1275 4349 1320 4393 per
1331 4344 1406 4382 totam
1415 4327 1540 4380 altitffifl

265 4393 371 4452 pluribus
382 4393 467 4441 deinde
477 4396 641 4455 experimentis
652 4395 681 4441 sd
690 4395 792 4442 calculos
800 4411 892 4442 revoca·
925 4410 992 4457 sque
1003 4395 1027 4441 in
1038 4410 1091 4441 vase
1107 4396 1240 4456 stagnantia
1257 4399 1369 4459 acquisit
1390 4399 1414 4444 ia
1429 4396 1497 4442 uisu
1511 4405 1540 4435 ¹*

265 4456 295 4502 tis
311 4458 410 4516 priorem
426 4460 564 4507 sententiam
580 4460 679 4506 mutavit
696 4460 721 4506 in
741 4460 847 4521 Epistoli
863 4459 893 4507 ad
925 4459 989 4505 tione
1003 4465 1022 4512 1,
1043 4459 1073 4505 ad
1090 4462 1122 4519 a!
1139 4465 1170 4515 23
1189 4459 1267 4570 quare
1277 4461 1392 4510 velocitas
1406 4474 1471 4523 qus!
1484 4468 1541 4518 tm

267 4519 437 4568 Marinoniurn.
925 4537 966 4583 per
981 4522 1102 4570 dimidiam
1119 4523 1188 4570 altitu
1207 4524 1273 4572 inem
1291 4542 1362 4588 aqut
1383 4533 1499 4589 nagan
1510 4533 1540 4564 θ·

299 4582 333 4644 (⁴)
351 4588 506 4635 Describendo
522 4590 643 4636 dimidium
658 4590 813 4635 ebitudinem.
846 4588 894 4633 Ve·
926 4585 1003 4634 dendo
1029 4587 1133 4649 acquirit,
1163 4589 1264 4650 aqualia
1290 4602 1328 4637 est
1356 4589 1465 4637 velocitati
1487 4597 1542 4645 ψ

265 4645 346 4694 locitas
361 4664 432 4710 quam
448 4666 533 4712 corpus
542 4652 662 4714 quodlibet
673 4667 749 4713 grave,
766 4652 816 4698 aine
827 4653 893 4698 resis-
926 4666 967 4711 per
993 4651 1097 4698 foramen
1124 4651 1252 4708 effluentis,
1287 4654 1363 4701 mods}
1393 4666 1466 4701 tam
1492 4662 1541 4711 Ψ

265 4712 337 4758 rentii
348 4713 550 4762 radendostoasu
563 4715 893 4764 suodescribendodimidiam
926 4731 967 4774 per
993 4715 1090 4776 simplex
1120 4716 1229 4763 foramen
1258 4719 1283 4764 in
1311 4718 1447 4766 amnuens
1471 4711 1541 4760 Μ

265 4775 412 4823 altitudinem
423 4780 525 4839 aqurein
538 4796 590 4827 vase
600 4780 892 4843 stagnantisacquirit,est
924 4779 1021 4836 factum,
1055 4791 1081 4827 ut
1109 4781 1181 4840 κριὲ
1209 4783 1346 4843 expositura
1374 4794 1415 4839 aar,
1445 4778 1541 4827 ahl

265 4839 295 4886 ad
307 4841 450 4888 velocitatem
461 4843 512 4905 ejus
522 4860 562 4904 per
573 4855 645 4893 totam
661 4843 809 4892 altitudinem
826 4860 892 4908 aqua·
925 4859 983 4891 vase.
