3202 5446
170 560 458 640 LrnsnSscunn.]
492 560 731 626 PRINCIPIA
757 560 1127 629 MATHEMATICA.
1385 575 1444 640 559

169 733 228 799 Sin
250 752 364 816 corpus
379 754 397 793 a
412 731 509 795 viius
532 743 681 820 urgeatur
702 732 808 810 levius,
833 731 1008 796 differentia
1030 732 1142 795 virium
1164 733 1269 817 provi
1285 735 1458 824 centrisugd

165 839 275 904 haberi
290 838 393 902 debet.

211 952 310 1016 Corol.
327 958 357 1014 9.
403 945 486 1012 Cim
501 959 605 1013 autem
630 949 727 1013 fluida
747 949 920 1035 premendo
945 972 1078 1034 corpora
1099 949 1219 1015 inclusa
1241 973 1306 1015 non
1334 965 1457 1018 mutent

164 1078 275 1124 eorum
298 1055 415 1142 figuras
441 1067 595 1132 externas,
626 1068 714 1141 patet
738 1056 867 1141 insuper
890 1061 961 1142 (per
985 1057 1193 1122 corollarium
1221 1058 1317 1143 Prop.
1341 1059 1455 1141 XIX.)

163 1163 250 1252 quod
264 1184 329 1226 non
343 1162 510 1227 mutabunt
530 1163 624 1227 situm
645 1164 781 1248 partium
802 1165 996 1229 internarum
1017 1165 1099 1230 inter
1120 1189 1171 1231 se:
1197 1168 1403 1255 proindeque,
1427 1171 1455 1233 si

163 1272 308 1339 arrimaiia
327 1273 561 1360 immergantur,
588 1285 621 1337 et
642 1275 776 1338 sensatio
799 1274 899 1338 omnis
921 1298 942 1338 a
962 1288 1050 1340 motu
1070 1277 1207 1361 partium
1229 1278 1365 1355 oriatur;
1391 1301 1451 1342 nec

161 1384 279 1450 laedent
293 1406 426 1469 corpora
440 1385 594 1464 immersa,
611 1408 670 1449 nec
686 1387 892 1449 sensationem
906 1385 1001 1449 ullam
1017 1387 1208 1466 excitabunt,
1224 1388 1283 1452 nisi
1299 1387 1451 1473 quitenus

161 1494 232 1558 haec
247 1514 379 1577 corpora
393 1515 412 1555 a
426 1492 656 1576 compressione
678 1493 863 1557 condensari
877 1505 1016 1578 possunt
1064 1494 1106 1558 Et
1120 1517 1179 1579 par
1193 1508 1240 1559 est
1254 1496 1334 1559 ratio
1349 1497 1451 1581 cujus·

99 1641 102 1644 ·
162 1622 285 1687 cunque
301 1622 468 1685 corporum
483 1600 658 1686 systematis
672 1600 770 1664 fluido
793 1601 1017 1685 comprimente
1038 1601 1221 1665 circundati.
1267 1604 1450 1689 Systematis

159 1722 265 1796 partes
279 1731 386 1772 omnes
401 1707 512 1772 iisdem
527 1707 738 1796 agitabuntur
749 1708 894 1784 motibus,
919 1730 956 1772 ac
970 1707 997 1772 si
1011 1708 1044 1769 in
1058 1730 1156 1772 vacuo
1178 1709 1447 1788 constituerentur,

160 1839 198 1881 ac
213 1816 310 1880 solam
324 1817 494 1880 retinerent
507 1816 690 1902 gravitatem
705 1839 793 1880 suam
808 1817 1060 1901 comparativam,
1076 1816 1137 1880 nisi
1147 1815 1301 1903 quitenus
1314 1819 1448 1883 fluidum

159 1925 210 1989 uel
223 1924 358 1988 motibus
373 1945 480 1988 earum
495 1922 637 1986 nonnihil
658 1923 788 2001 resistat,
812 1923 861 1987 vel
876 1923 916 1985 ad
932 1921 1057 1987 easdem
1072 1924 1303 2008 compressione
1317 1926 1448 2014 conglu-

163 2031 306 2097 tinandae
323 2031 505 2116 requiratur.

380 2252 664 2318 PROPOSITIO
686 2250 786 2316 XXI.
832 2244 1104 2315 THEOREMA
1130 2250 1224 2315 XVI.

157 2436 206 2501 Sit
207 2437 309 2525 fluidi
328 2435 477 2520 crtjusdam
500 2436 631 2498 densitas
652 2432 861 2515 compressioni
875 2425 1126 2513 proportionalis,
1144 2438 1175 2492 et
1182 2437 1289 2510 partes
1303 2428 1363 2512 ejus
1377 2452 1397 2491 o
1412 2432 1445 2494 oi

200 2544 367 2628 centripetd
381 2547 535 2609 distantiis
549 2546 609 2608 suis
623 2566 643 2607 a
658 2537 916 2624 cennoreciprocd
923 2541 1152 2623 proportionali
1167 2542 1301 2604 deorsum
1315 2541 1442 2602 trahan-

199 2663 271 2717 tur:
294 2655 361 2716 dico
375 2657 462 2737 qnod,
485 2654 513 2716 si
527 2653 682 2715 distantiae
697 2652 759 2713 itta
773 2658 928 2713 sumantur
941 2643 1080 2709 continui
1093 2649 1346 2730 proportionales,
1369 2649 1442 2709 dert-

199 2765 405 2851 sitatesflaidi
420 2765 453 2824 in
467 2763 571 2825 iisdem
586 2760 741 2823 distantiis
755 2766 843 2821 erunt
857 2757 947 2818 etiam
962 2750 1099 2817 continui
1107 2755 1359 2836 proportionales

200 2959 354 3048 Designet
366 2959 396 3021 A
407 2957 438 3020 T
448 2956 478 3017 V
486 2954 618 3018 fundum
629 2952 815 3037 sphaericum
825 2953 874 3015 cui
882 2950 1011 3013 fluidum

154 3068 315 3144 incumbit,
334 3068 357 3132 S
372 3079 522 3141 centrum,
542 3064 564 3128 S
580 3063 620 3139 A,
642 3063 664 3125 S
680 3063 719 3139 B,
738 3063 761 3127 S
777 3061 815 3137 C,
834 3060 912 3136 SD,
932 3061 954 3123 S
971 3058 1011 3133 E,

157 3177 182 3241 S
209 3177 245 3253 F,
283 3179 339 3240 &a
377 3174 537 3238 distantias
574 3168 720 3234 continue
750 3165 1008 3252 proportionales.

157 3281 329 3369 Brigantur
352 3279 574 3365 perpendicula
597 3280 627 3341 A
645 3278 691 3354 H,
717 3276 746 3341 B
765 3276 791 3354 Ι,
817 3275 845 3339 C
863 3274 904 3350 K,
922 3274 954 3336 D
971 3274 1009 3348 L,

156 3389 186 3455 E
203 3388 251 3466 M,
270 3390 297 3453 F
313 3390 354 3466 N,
379 3391 434 3453 &a
459 3410 529 3475 quae
545 3388 606 3450 sint
620 3399 656 3449 ut
671 3383 837 3446 densitates
863 3379 957 3442 medii
979 3379 1012 3440 in

156 3498 232 3562 locis
247 3500 288 3574 A,
306 3497 344 3575 B,
363 3497 401 3575 C,
418 3498 462 3574 D,
481 3496 518 3572 E,
537 3496 580 3571 1⁴²3
604 3495 643 3580 (ὅ)
661 3507 693 3557 et
707 3491 860 3577 specificae
876 3488 1010 3577 gravita-

154 3643 451 3759 tesiniisdemlocis
462 3653 555 3705 erunt
565 3655 600 3704 ut
611 3601 705 3767 ᾼᾸΙ-ἒ,
737 3597 812 3765 ἒ-ἑ,
842 3597 930 3764 (ἐξ,
952 3637 1009 3700 &a

692 3810 723 3871 A
736 3806 773 3870 H
816 3806 845 3869 B
870 3805 886 3869 Ι
927 3805 1004 3869 CK

692 3890 784 3974 Π
815 3889 897 3972 ff&
926 3889 1014 3971 D'D'

153 4030 211 4094 &a
259 4029 358 4115 Finge
381 4025 517 4111 primdm
543 4025 600 4088 has
625 4021 792 4111 gravitates
816 4016 1012 4083 uniformiter

152 4138 326 4202 continuari
342 4137 381 4200 ab
404 4138 435 4199 A
456 4135 496 4198 ad
514 4134 553 4209 B,
571 4157 589 4195 a
605 4132 633 4195 B
649 4129 690 4194 ad
707 4130 745 4206 C,
761 4150 780 4191 a
796 4125 823 4191 C
834 4126 875 4190 ad
887 4126 931 4202 D,
947 4126 1004 4190 &a

151 4245 241 4309 factis
251 4266 306 4329 per
316 4244 433 4332 gradus
446 4240 650 4306 decrementis
665 4239 698 4301 in
713 4235 838 4322 punctis
855 4236 893 4313 B,
910 4234 947 4310 C,
962 4234 1004 4310 D,
1090 4231 1119 4279 Τ

154 3852 194 3939 (¹³)
217 3856 276 3932 vel,
300 3854 386 3941 quod
408 3853 538 3939 perinde
554 3864 610 3929 est,
634 3862 669 3913 ut

185 4420 285 4484 (⁸)174.
306 4423 339 4470 Et
355 4423 464 4485 perfica
475 4421 603 4481 gnoitates,
620 4418 662 4465 &a
700 4416 779 4465 Fluidi
810 4416 841 4464 tis
858 4416 1004 4464 socelsrstrix
1021 4417 1179 4480 conjunctim
1196 4419 1312 4481 quantitas
1321 4419 1436 4473 rerdms.

151 4485 215 4533 enim
232 4485 300 4547 cajus
317 4484 415 4547 singule
431 4482 550 4543 partiente
568 4483 589 4528 ri
606 4481 724 4545 gravitatis
740 4497 779 4529 ur·
810 4480 874 4529 teria
886 4486 920 4544 (2.
934 4481 987 4528 Lib.
999 4481 1030 4540 1.)
1041 4491 1075 4528 est
1085 4491 1112 4528 ut
1123 4481 1437 4536 densitasetvolumenoon·

151 4558 238 4612 gantur
253 4549 353 4612 gravitas
371 4548 479 4621 specifica
496 4557 529 4593 ast
548 4556 574 4594 ut
590 4545 691 4594 densitas
706 4557 730 4594 et
745 4546 780 4592 sis
808 4545 917 4609 junctim.
955 4545 1041 4602 Quare
1053 4546 1183 4608 conjunctis
1193 4547 1229 4595 his
1239 4548 1436 4615 ntiooibuagrs·

151 4614 270 4689 grssitstis
292 4614 438 4688 acpelerstrtx
461 4611 613 4686 conjuretim.
649 4610 694 4656 Est
715 4610 779 4657 enirn
811 4609 869 4657 vitas
890 4609 996 4686 spepifica
1013 4621 1047 4686 est
1063 4621 1090 4686 ut
1111 4609 1212 4658 densitas
1228 4621 1252 4659 et
1268 4613 1302 4661 vis
1316 4617 1436 4679 gravitatis

152 4673 762 4805 ⁹¹23(fttt.⁶‘tiff¹‘pttttt³tpzt⁴tttt⁰tti‘
810 4675 1219 4801 “12¹5‘ffffltt‘’¹¹³“t⁶²¹¹”td,t
1233 4677 1271 4790 “a
1295 4744 1338 4790 a„
1371 4745 1408 4792 cs

151 4753 201 4857 'iis
221 4806 256 4870 ι.)
273 4814 308 4853 at
319 4776 345 4852 ui
356 4805 472 4869 quassus
487 4804 589 4852 miens
600 4813 624 4851 a
634 4803 668 4849 vs
679 4782 786 4867 gnam
809 4802 872 4849 enim
886 4806 938 4866 (per
950 4757 1029 4863 lini-i
1041 4756 1155 4853 saffira
1168 4775 1224 4862 sss
1236 4808 1253 4855 s
1263 4776 1290 4866 is,
1305 4808 1360 4867 sc,
1373 4760 1434 4857 sii
