3188 5444
284 524 343 586 638
425 585 430 598 ,
560 517 932 587 -PHILOSOPHIAE
954 519 1234 589 NATURALIS
1280 524 1401 604 [Mor.
1417 527 1555 597 Conrm

259 727 326 770 nou
339 716 443 791 potest
458 702 648 769 descendere
663 701 723 765 nisi
737 698 947 783 impediendo<
962 698 1148 764 descensum
1170 724 1264 788 aquae
1289 701 1426 768 alterius
1444 706 1556 774 desem-

260 813 309 876 sui
320 834 377 877 suo
386 811 549 898 aequalem.
585 808 705 874 Eadem
719 809 766 872 vis
782 806 915 871 eandem
930 830 1021 893 aquae
1036 807 1190 873 effluentis
1201 810 1412 877 velocitatem
1422 837 1556 902 gerimus

260 922 364 988 debet

304 1029 368 1094 Sed
382 1028 523 1093 foramen
537 1027 571 1090 in
585 1026 684 1090 fundo
698 1028 788 1104 vasis,
804 1038 934 1111 propter
949 1026 1094 1114 obliquos
1109 1043 1215 1093 motus
1230 1031 1469 1114 particularum
1482 1057 1556 1123 equ

259 1135 425 1213 effluentis,
448 1132 544 1218 paulo
558 1135 658 1219 majus
673 1156 741 1197 esse
755 1133 851 1197 debet
864 1131 959 1218 quim
974 1135 1071 1218 prius.
1117 1137 1164 1220 (¹¹²)
1182 1135 1272 1200 Nam
1296 1141 1468 1222 particule
1480 1165 1556 1230 aque

253 1245 322 1330 jam
336 1245 405 1306 n'on'
417 1255 581 1307 transeunt
594 1263 704 1306 omnes
725 1264 783 1326 per
797 1240 940 1305 foramen
962 1241 1267 1326 perpendiculariter
1279 1267 1290 1321 ;
1317 1245 1379 1354 sed
1393 1270 1414 1310 a
1426 1247 1555 1313 lateribus

258 1351 341 1414 vasis
357 1350 496 1435 undique
511 1348 703 1412 confluentes
718 1349 798 1413 etin
812 1347 954 1413 foramen
976 1362 1212 1437 convergentes,
1240 1352 1392 1439 obliquis
1413 1369 1555 1422 narseum

258 1457 413 1532 motibus3
438 1468 470 1519 et
492 1477 618 1519 cursum
639 1477 731 1519 suum
752 1456 900 1519 deorsum
920 1454 1081 1520 flectentes
1103 1457 1136 1519 in
1156 1479 1277 1522 venam
1297 1483 1399 1547 aquae
1419 1463 1553 1529 exil'm

259 1548 449 1649 conspirant,
478 1584 548 1650 quae
570 1563 681 1626 exilior
703 1576 751 1628 est
769 1564 864 1648 paulo
887 1564 970 1628 infra
991 1564 1132 1629 foramen
1152 1565 1250 1653 quim
1267 1569 1306 1632 in
1322 1571 1397 1654 ipso
1411 1573 1552 1654 foramine,

258 1673 413 1736 existente
435 1673 501 1755 ejus
527 1671 680 1734 diametro
700 1671 741 1734 ad
763 1671 950 1735 diametrum
962 1671 1122 1736 foraminis
1144 1685 1180 1737 ut
1195 1683 1215 1739 5
1233 1675 1281 1739 ad
1299 1686 1333 1755 6,
1351 1679 1405 1743 vel
1421 1687 1461 1765 δὲ
1474 1683 1551 1768 ads}

258 1778 521 1866 quamproxime,
538 1779 565 1842 si
582 1779 677 1842 modi)
693 1779 861 1843 diametros
875 1779 959 1844 recte
975 1780 1133 1844 dimensus
1147 1803 1230 1847 sum.
1285 1785 1453 1854 Parabam
1468 1794 1553 1880 utique

256 1887 406 1951 laminam
430 1888 557 1973 planam
586 1902 771 1973 pertenuem
791 1890 825 1952 in
849 1889 955 1953 medio
983 1888 1182 1974 perforatam,
1214 1895 1386 1965 existente
1416 1903 1551 1967 drcuhtia

256 1994 418 2059 foraminis
434 1995 587 2059 diametro
601 1997 738 2080 partium
753 1997 890 2081 quinque
912 2010 1091 2061 octavarum
1112 1998 1213 2086 digiti.
1265 2001 1315 2068 Et
1329 2027 1374 2070 ne
1390 2031 1471 2073 vena
1482 2030 1552 2098 aspre

258 2103 423 2181 exilientis,
452 2103 595 2167 cadendo
617 2104 842 2168 acceleraretur
864 2117 896 2169 et
919 2104 1144 2170 acceleratione
1170 2107 1375 2178 redderetur
1401 2119 1551 2206 angnsn'n,

257 2211 340 2278 hanc
354 2214 502 2278 laminam
518 2238 583 2278 non
597 2214 696 2278 fundo
708 2215 763 2279 sed
778 2214 868 2279 lateri
883 2215 963 2280 vasis
974 2215 1059 2280 effixi
1074 2216 1128 2293 sic,
1145 2228 1181 2280 ut
1195 2239 1284 2283 vena
1299 2221 1358 2287 illa
1370 2226 1552 2313 qredm

257 2325 430 2391 secundrim
444 2325 558 2388 lineam
572 2324 727 2389 horizonti
742 2323 935 2408 parallelam.
980 2323 1066 2389 Dein
1081 2324 1136 2388 ubi
1150 2347 1206 2389 vas
1220 2328 1312 2414 aquai
1329 2330 1465 2415 plenum
1478 2347 1549 2412 eset,

257 2436 367 2520 aperui
389 2435 528 2499 foramen
544 2446 579 2498 ut
593 2457 675 2521 aqua
689 2432 845 2510 efflueret3
868 2446 900 2498 et
914 2455 1002 2498 venae
1016 2434 1178 2514 diameter,
1202 2436 1247 2500 ad
1272 2438 1464 2509 distarem
1483 2445 1549 2534 qui

258 2545 381 2609 dimidii
396 2544 485 2631 digiti
500 2568 520 2608 e
534 2544 686 2609 foramine
700 2543 794 2629 quim
809 2544 1038 2610 accuratissime
1059 2560 1254 2629 mensurate,
1285 2555 1416 2637 prodiit
1435 2559 1549 2644 panim

256 2651 367 2740 viginti
382 2652 520 2716 etunius
536 2651 843 2740 quadragesimarum
858 2652 957 2741 digiti.
1002 2653 1041 2738 (Ρ)
1059 2653 1138 2719 Erat
1150 2655 1254 2744 igitur
1269 2657 1436 2730 diameter
1444 2665 1548 2731 mani·

292 2868 333 2930 (¹¹¹)
352 2873 365 2900 ⁰
384 2872 451 2919 Num
502 2873 591 2919 naula
613 2887 689 2933 aqua,
714 2870 756 2916 irc.
793 2869 886 2918 Clarias.
920 2870 1054 2919 acceleratio
1064 2871 1149 2930 motda,
1161 2888 1215 2935 quae
1227 2879 1351 2928 omnibus
1361 2883 1546 2946 gravitrnsnb

260 2918 348 2980 Diniei
369 2934 465 2982 Remo„
485 2935 521 2981 ‘m
540 2949 630 2997 paragr.
645 2941 668 2981 a.
690 2934 749 2982 sect.
767 2934 813 2980 1v.
834 2934 888 2996 Hy·
920 2935 982 2981 tibus
997 2937 1128 2983 mmmunis
1138 2948 1182 2994 est,
1194 2949 1219 2986 et
1229 2940 1285 3003 qni
1296 2943 1325 2990 iit
1338 2958 1368 2994 ne
1379 2947 1545 3012 mjoeitrda

258 2996 566 3059 dmdymmicaeobaervavit
573 2999 698 3059 particulas
705 3013 764 3045 cera
773 2998 888 3058 Hispani·
920 3000 976 3046 citas
986 3015 1053 3060 aque
1064 3001 1088 3046 in
1099 3000 1151 3049 loco
1161 3003 1273 3053 inferiori
1284 3023 1299 3054 e
1310 3009 1325 3055 t*
1332 3010 1411 3072 quim
1419 3013 1545 3074 iamin

257 3075 292 3107 cae
302 3063 369 3124 aluis
379 3063 511 3110 innatantes
523 3061 555 3109 iti
565 3078 620 3109 cum
628 3062 688 3125 aqui
697 3063 720 3109 in
730 3078 782 3108 vase
791 3063 886 3116 moveri,
920 3063 943 3110 E
958 3063 992 3120 1³3
1008 3064 1064 3126 quia
1079 3065 1141 3111 enim
1158 3082 1249 3129 aquam
1266 3088 1320 3120 ease
1331 3074 1359 3120 in
1372 3087 1436 3124 statu
1446 3088 1542 3127 ω..

258 3135 285 3172 ut
295 3141 349 3187 quae
359 3126 480 3173 foraminis
490 3137 570 3174 centro
581 3128 737 3179 Cimminent,
750 3142 791 3187 per
801 3127 887 3174 lineam
919 3127 1063 3190 eandemque
1077 3129 1175 3188 proinde
1188 3135 1232 3195 (st
1238 3133 1264 3192 Ι)
1278 3136 1348 3184 illius
1358 3143 1504 3200 quantitates
1512 3153 1543 3202 μ

257 3190 390 3237 verticalem
410 3191 436 3238 H
451 3191 482 3247 G,
501 3191 651 3250 descendant,
670 3192 721 3238 alie
738 3189 791 3238 vari
807 3206 888 3238 omnes
919 3192 1031 3238 aecdcnes
1051 3193 1073 3239 E
1093 3193 1113 3240 F
1129 3204 1152 3242 et
1168 3197 1210 3248 ef,
1232 3199 1324 3248 eodem
1345 3214 1453 3265 tempore
1467 3204 1542 3253 dan

168 3252 174 3266 ·
918 3256 1078 3316 supponimus,
1090 3259 1161 3306 sectio
1172 3276 1186 3306 e
1198 3260 1212 3306 i
1218 3272 1258 3310 est
1269 3264 1301 3311 ad
1313 3270 1446 3316 seeticmm
1462 3271 1482 3318 i:
1494 3268 1540 3317 r·-

918 3322 1007 3367 ratione
1025 3321 1152 3369 velocitatis
1170 3340 1241 3387 aquae
1262 3329 1289 3374 in
1308 3330 1365 3380 looo
1385 3334 1447 3390 EF,
1462 3335 1489 3381 ai
1501 3336 1541 3397 ‘jn

920 3384 1062 3431 velocitatem
1079 3387 1103 3431 in
1120 3387 1173 3434 loco
1189 3390 1314 3455 et'(271)
1327 3408 1354 3443 et
1366 3398 1421 3446 ἰὼὸ
1435 3398 1537 3446 maaet

918 3449 1006 3495 ceteris
1016 3449 1117 3509 paribus,
1133 3452 1211 3499 minor
1223 3470 1278 3503 ease
1288 3458 1363 3508 debet
1373 3464 1471 3510 aectinna
1485 3460 1536 3510 iti.

920 3513 1026 3560 Secunda
1037 3515 1200 3564 connectionis
1211 3534 1284 3567 venas
1299 3537 1383 3582 carm,
1402 3527 1536 3590 φωνὴ

916 3577 955 3623 hic
972 3577 1101 3626 considerat
1118 3580 1264 3641 Nemonus,
1285 3599 1323 3634 ese
1340 3591 1462 3654 eissiqniu
1475 3589 1537 3637 ιώ

916 3641 1081 3700 particularum
1092 3658 1208 3705 aquarper
1220 3647 1298 3697 lineas
1311 3653 1334 3699 Ρ
1343 3655 1377 3711 Ε,
1388 3671 1404 3717 q
1414 3655 1440 3712 F,
1450 3655 1477 3703 ai
1486 3656 1534 3702 in·

915 3720 970 3751 men
983 3706 1006 3753 E
1018 3706 1038 3752 F
1048 3707 1212 3767 tendentium
1232 3714 1291 3761 hinc
1302 3718 1371 3764 enim
1384 3720 1417 3776 fit,
1427 3732 1453 3767 ut
1461 3716 1534 3766 affl

914 3769 984 3815 etiam
995 3771 1059 3816 omni
1070 3772 1237 3822 acceleratione
1251 3780 1336 3827 motits
1346 3799 1363 3829 a
1373 3781 1532 3846 gummi

913 3834 1032 3892 particula
1050 3850 1117 3896 aquae
1133 3851 1288 3902 convergunt,
1310 3861 1443 3910 venamque
1458 3858 1530 3895 m

912 3897 976 3954 hant,
987 3908 1056 3960 atque
1066 3898 1120 3946 idei
1130 3912 1224 3949 motum
1237 3922 1312 3954 suurn
1324 3913 1458 3959 aonelucna

945 3982 980 4047 (¹¹)
998 3989 1012 4015 ‘⁸
1031 3987 1093 4034 Erat
1112 3989 1185 4048 igitar
1201 3993 1320 4042 dicarem
1332 3999 1461 4062 sornatin'a
1475 3998 1530 4060 ΙΨ

911 4049 1030 4096 &adoria
1041 4053 1072 4096 nd
1079 4053 1221 4102 diametrum
1233 4073 1300 4106 cena
1312 4071 1343 4108 at
1352 4067 1384 4111 25
1393 4067 1529 4126 edile·-

908 4112 1019 4173 proer'mi.
1055 4114 1117 4161 llaec
1136 4119 1195 4165 ratio
1215 4120 1243 4166 in
1260 4126 1429 4183 experimentis
1441 4136 1529 4175 α*

911 4174 959 4223 ieri
975 4188 1061 4234 manet,
1078 4180 1333 4241 siaquaeraeentis
1350 4188 1526 4252 amplopnui·

910 4255 986 4301 guum
1003 4241 1108 4288 iommen
1127 4244 1224 4294 laminas
1244 4253 1395 4302 tenuiadmae
1408 4254 1528 4314 ἱιιὶμ

912 4301 999 4362 effluat,
1016 4305 1071 4353 licet
1080 4308 1105 4353 in
1117 4323 1171 4356 vase
1184 4323 1295 4362 mutetur
1312 4333 1383 4381 aque
1392 4316 1487 4368 iod
1499 4316 1527 4361 ’ὓ

912 4370 1043 4418 cumbentis
1053 4372 1162 4421 altitudo.
1198 4376 1377 4438 Experimenta
1387 4384 1426 4432 tlh
1434 4385 1526 4431 ‘ww

911 4433 1053 4481 celeberrimi
1064 4438 1234 4501 mathematici,
1253 4444 1368 4495 Mardrio
1381 4448 1473 4497 Peleu
1482 4445 1527 4493 Β

252 4491 361 4553 utrinque
376 4490 457 4552 positia
473 4501 539 4538 motu
556 4490 604 4538 iere
619 4492 720 4540 vernonii
739 4494 880 4547 ceoendm
912 4496 941 4544 de
963 4498 1069 4546 castellis
1086 4510 1110 4548 et
1129 4503 1218 4552 Daniel
1240 4508 1398 4561 Barnouffim
1418 4514 1471 4562 sas.
1488 4508 1526 4557 lii.

252 4556 354 4615 primum
374 4571 415 4615 per
434 4555 506 4602 lineas
523 4571 547 4602 m
558 4571 580 4614 p,
599 4571 648 4617 nq,
666 4557 714 4604 sere
730 4559 759 4606 ad
777 4562 879 4610 fundum
913 4560 1137 4624 Hydrodynamirae.
1166 4568 1231 4619 Hace
1240 4585 1298 4621 sunt
1309 4576 1394 4625 illustr.
1406 4573 1529 4626 tid&

252 4635 325 4683 usque
339 4621 359 4666 C
374 4621 405 4675 D,
423 4631 520 4681 tumque
536 4635 629 4666 cursum
645 4637 714 4667 suum
727 4639 805 4671 versus
816 4627 876 4674 sora-
910 4629 979 4674 rerba
990 4643 1042 4691 pag.
1054 4635 1094 4676 38.
1104 4636 1144 4681 39.
1166 4640 1183 4663 ⁴⁴
1198 4635 1309 4686 Proelia
1319 4653 1399 4689 mn
1409 4643 1449 4689 uir
1458 4638 1527 4687 mii·

250 4699 306 4730 men
319 4685 342 4731 E
357 4685 376 4730 F
384 4700 424 4744 per
432 4685 504 4730 linem
520 4685 538 4730 P
552 4684 582 4740 E,
594 4700 609 4746 q
622 4685 737 4732 Faensim
750 4688 874 4739 inflectant.
910 4706 972 4752 gere,
984 4691 1117 4740 confirmari
1128 4712 1158 4743 ex
1169 4698 1249 4747 allatis
1260 4706 1425 4764 experimtis
1434 4706 1528 4754 ratis·-

253 4747 337 4810 ltaque
348 4763 407 4794 rena
422 4765 489 4809 aqrrae
505 4749 620 4795 exilientis
632 4750 655 4796 E
669 4750 712 4797 Fi
720 4751 831 4812 eduplici
848 4756 878 4802 de
910 4755 971 4802 inter
990 4755 1114 4804 diametros
1131 4762 1279 4813 foraminum
1295 4781 1321 4817 et
1340 4786 1407 4833 aqua
1424 4778 1528 4818 (mm

251 4812 321 4860 causi
331 4812 474 4860 contrahitur
490 4828 563 4874 usque
579 4813 652 4861 ines
659 4815 729 4875 paulo
740 4816 801 4864 inira
817 4818 877 4866 sora·
911 4819 1035 4870 diametros
1052 4837 1067 4867 a
1085 4825 1136 4870 viro
1155 4843 1254 4878 minnan
1274 4832 1358 4882 isaaco
1382 4836 1493 4883 lim
1506 4840 1528 4875 at

251 4879 341 4925 menE
358 4877 382 4925 i.
421 4876 499 4924 Prima
515 4878 678 4927 contractionis
688 4878 753 4930 iliius
763 4897 833 4930 causa
844 4894 878 4932 est
910 4883 964 4932 anti
975 4883 1083 4943 diximus,
1102 4891 1265 4943 constitum,
1304 4898 1361 4946 Nm
1373 4911 1446 4948 m
1456 4898 1527 4945 tnta·
