3202 5446
149 400 259 468 Lm
274 399 437 481 Parme]
503 398 740 467 PRINCIPIA
775 399 1143 467 MATHEMATICA.
1373 413 1437 471 203

148 591 229 656 unte,
260 577 406 641 velociter
419 578 526 662 puncti
543 577 579 641 H
594 576 695 641 ested
709 576 901 641 velocitatem
915 598 1008 663 quam
1023 598 1135 660 corpus
1153 575 1263 642 habuit
1276 578 1309 641 in
1324 581 1437 645 vertice

149 687 226 751 Aut
241 691 259 746 3
276 685 317 748 ad
347 694 388 760 83
409 684 540 769 ideoque
554 684 587 746 in
600 684 636 747 eb
649 684 740 747 etiem
755 685 873 748 ratione
888 694 934 747 est
947 684 1029 748 linea
1044 684 1076 749 G
1089 683 1126 748 H
1141 684 1181 747 ad
1191 684 1305 749 lineam
1320 699 1436 751 rectam

148 814 239 878 quam
253 813 367 875 corpus
381 805 520 875 tempore
531 804 633 854 motus
648 790 695 853 sui
706 790 746 854 ab
756 792 787 855 A
800 790 842 856 ad
854 791 891 869 P,
914 789 951 854 ei
966 812 1037 854 cum
1048 790 1209 854 velocitate
1221 814 1313 877 quem
1327 791 1437 858 hebuit

152 898 184 961 in
199 899 315 962 vertice
331 900 371 976 A,
394 897 570 962 describere
584 911 696 981 posset.

190 1007 288 1070 cml.
320 1015 349 1070 8.
373 1004 461 1069 Hinc
476 1005 569 1069 etiam
584 1006 650 1068 vice
664 1004 751 1068 versi
766 1004 897 1068 inveniri
910 1017 1013 1088 potest
1026 1018 1149 1089 tempus
1164 1027 1226 1090 quo
1241 1027 1354 1090 corpus
1364 1006 1436 1070 des·

150 1111 255 1195 cripsit
275 1133 382 1175 arcum
397 1112 535 1198 quemvis
550 1112 739 1198 assignatum
754 1113 785 1175 A
802 1111 840 1175 P.
884 1111 988 1198 Junge
1004 1113 1035 1175 A
1052 1092 1126 1177 Pet
1151 1112 1192 1176 ad
1206 1111 1344 1177 medium
1370 1114 1434 1199 ejus

150 1233 299 1302 punctum
314 1219 398 1306 erige
411 1218 668 1304 perpendiculum
683 1231 775 1281 rectae
791 1218 823 1282 G
840 1217 875 1280 H
891 1239 1055 1282 occurrens
1066 1218 1099 1281 in
1115 1219 1161 1283 H.

613 1389 788 1454 LEMMA
811 1391 977 1456 XXVIII.

151 1520 243 1584 Nulla
263 1528 346 1582 extat
357 1520 465 1602 figura
489 1519 582 1581 ovalis
596 1518 673 1601 cujus
688 1540 772 1594 area,
794 1524 881 1582 rectis
896 1541 956 1601 pro
985 1522 1079 1584 lubitu
1100 1523 1239 1600 abscissa,
1260 1525 1354 1605 possit
1373 1544 1431 1606 per

190 1629 367 1710 aeqmtiones
382 1647 497 1688 numero
511 1627 695 1688 terminorum
707 1647 743 1687 ac
753 1627 959 1689 dimensionum
963 1629 1075 1708 finitas
1086 1633 1266 1713 generaliter
1278 1633 1416 1694 inveniri.

191 1738 227 1823 (θ)
251 1738 339 1802 Intra
354 1736 472 1800 ovalem
487 1735 578 1799 detur
599 1749 747 1819 punctum
764 1734 904 1820 quodvis,
928 1737 1010 1799 circe
1024 1736 1107 1821 quod
1130 1759 1185 1801 ceu
1208 1738 1315 1821 polum
1329 1739 1430 1801 revol-

138 1859 236 1910 vetur
260 1857 412 1928 perpetuo
436 1842 518 1906 linea
542 1854 635 1919 recta,
659 1841 804 1904 uniformi
819 1864 890 1905 cum
915 1856 1012 1920 motu,
1036 1857 1068 1906 et
1088 1844 1205 1908 interea
1227 1845 1258 1906 in
1281 1845 1430 1910 rectailla

136 1967 236 2019 exeat
258 1964 409 2037 punctum
422 1950 537 2014 mobile
550 1950 590 2014 de
600 1950 684 2034 polo,
707 1963 877 2036 pergatque
892 1973 1014 2035 semper
1029 1951 1064 2014 eri
1080 1973 1151 2013 cum
1165 1951 1335 2030 velocitate,
1347 1974 1430 2038 .quae

51 2108 53 2112 -
131 2063 188 2127 sit
201 2071 236 2124 ut
261 2073 353 2123 rectae
377 2058 458 2122 illius
473 2058 554 2121 intra
583 2057 702 2120 ovalem
733 2057 925 2142 quadratum.
972 2057 1046 2119 Hoc
1061 2071 1147 2120 motu
1172 2073 1323 2141 punctum
1351 2057 1429 2121 illud

125 2167 300 2232 describet
314 2165 458 2249 spiralem
469 2165 552 2251 gyris
574 2164 710 2230 infinitis.
756 2163 826 2228 Jam
842 2165 867 2227 si
882 2184 962 2227 areae
978 2163 1073 2227 ovalis
1088 2187 1107 2227 a
1120 2164 1203 2228 recti
1219 2164 1270 2227 illi
1286 2164 1429 2227 abscissae

117 2275 248 2360 portio
261 2294 319 2356 per
333 2272 453 2335 finitam
467 2271 672 2356 aequationem
687 2271 817 2333 inveniri
831 2283 941 2356 potest,
965 2271 1136 2334 invenietur
1159 2271 1251 2334 etiam
1272 2293 1329 2355 per
1354 2292 1428 2334 can-

116 2384 218 2448 dem
232 2380 439 2466 aequationem
453 2377 597 2441 distentia
607 2379 714 2462 puncti
728 2402 748 2441 a
768 2379 851 2462 polo,
876 2378 914 2463 (ἃ)
938 2390 1007 2464 q'uae
1022 2377 1094 2440 huic
1108 2399 1189 2441 areae
1208 2378 1427 2462 proportiona-

114 2541 226 2594 eeque
235 2526 418 2590 proindemotue
429 2525 492 2572 illius
500 2525 618 2588 oequabiiis
629 2536 652 2572 et
662 2525 770 2572 velocitas
800 2526 865 2573 ribus
875 2525 993 2581 describet,
1005 2536 1029 2572 et
1036 2525 1123 2572 inrerei
1138 2525 1163 2572 in
1174 2525 1235 2573 recti
1243 2525 1283 2571 illi
1294 2524 1315 2572 P
1324 2524 1348 2581 S,
1359 2533 1427 2572 exerit

111 2597 232 2657 ubique
242 2593 333 2640 eadem·
369 2589 448 2644 Quare
462 2590 570 2636 velocitas
591 2589 672 2648 puncti
690 2590 723 2643 Η,
736 2601 770 2636 est
802 2600 915 2651 punctum
927 2590 1037 2649 mobilep
1048 2590 1077 2636 de
1088 2591 1142 2650 pilo
1156 2591 1182 2647 P,
1199 2599 1325 2650 pergatque
1335 2603 1427 2648 semper

107 2657 272 2722 ubrquead
289 2654 432 2701 velocitatem
444 2669 513 2715 quam
532 2654 601 2700 habet
618 2669 701 2714 corpus
715 2654 735 2700 P
744 2654 769 2699 in
801 2655 826 2700 in
838 2654 917 2700 eidem
940 2656 1001 2700 recti
1016 2654 1036 2700 Ρ
1051 2670 1132 2700 mcum
1150 2654 1269 2701 velocitate
1286 2667 1339 2713 quie
1354 2652 1385 2699 sit
1398 2660 1426 2699 ut

113 2726 180 2780 A,
195 2733 224 2771 ut
242 2734 339 2768 umens
352 2719 375 2765 G
397 2718 432 2776 H,
448 2718 478 2765 erl
495 2727 626 2765 nascentem
639 2719 661 2764 A
686 2718 714 2776 P,
726 2719 770 2766 hoc
801 2729 869 2764 rectoe
891 2717 954 2764 illiue
974 2716 1134 2765 intriorelem
1156 2718 1302 2780 quadratum,
1319 2716 1364 2762 hoc
1382 2726 1424 2773 est,

103 2799 186 2842 eur,
203 2796 231 2834 ut
241 2793 263 2834 8.
274 2785 304 2832 ed
316 2789 338 2829 8·
375 2784 406 2838 Q„
420 2782 472 2830 e-d.
800 2797 854 2828 cum
866 2782 927 2828 linea
941 2782 960 2828 P
978 2782 994 2829 S
1013 2782 1154 2840 pervenitad
1165 2783 1236 2829 situm
1250 2781 1299 2836 Pe,
1316 2789 1424 2839 etpunc-

179 2851 212 2915 Γ)
228 2855 284 2899 ³59.
305 2846 370 2896 lutri
381 2847 501 2894 ovalemA
516 2847 535 2894 C
550 2847 603 2893 BA
617 2846 685 2893 detur
696 2862 769 2904 punc·
800 2857 853 2893 tum
874 2845 985 2906 mobilep
1002 2846 1032 2892 ad
1046 2846 1072 2899 P,
1089 2847 1198 2894 velocitas
1214 2847 1321 2906 punctip
1347 2845 1376 2891 sit
1398 2852 1425 2891 ut

101 2929 197 2967 tum
205 2913 301 2977 quodvis
311 2913 339 2968 P,
356 2909 416 2958 circi
422 2910 484 2973 quod
496 2926 538 2958 ceu
550 2911 629 2970 polum
641 2912 769 2957 revolvatur
800 2912 937 2971 quadratum
949 2921 1017 2957 recte
1031 2910 1051 2956 P
1064 2911 1158 2965 Qinter
1175 2911 1255 2971 polum
1268 2910 1324 2957 Pet
1333 2908 1424 2955 ovrlem

103 2988 256 3046 peperero
272 2978 334 3024 linea
343 2986 405 3022 recte
416 2975 505 3021 infinite
519 2974 539 3021 P
552 2976 576 3029 S.
593 2974 703 3021 uniformi
714 2991 769 3021 cum
803 2979 825 3022 A
840 2975 865 3029 Q
877 2975 896 3022 C
911 2975 1065 3026 Bcontentae.
1077 2976 1121 3022 hoc
1131 2985 1196 3022 motu
1207 2982 1321 3035 punctum
1329 2972 1388 3020 illud
1399 2988 1422 3034 p,

106 3053 219 3097 mur.
234 3041 267 3090 id
277 3051 305 3090 ut
315 3050 430 3102 punctum
440 3039 520 3085 dmum
534 3040 555 3085 A
568 3039 632 3085 illins
647 3039 714 3085 iinon
725 3039 769 3086 eir·
801 3039 913 3087 describet
923 3038 1031 3099 epirelem
1044 3039 1088 3100 Pp
1099 3055 1115 3085 n
1126 3041 1154 3098 Z,
1170 3041 1233 3102 gyris
1242 3036 1344 3084 infinitis.

104 3103 325 3158 ufflrsmx
341 3119 408 3152 arcus
423 3102 660 3166 equeleeoqunlihus
674 3113 763 3165 tempo-

192 4595 764 4670 I‘imHirmppccitiseritsemperrectePp
795 4599 988 4656 ermetductis
1005 4599 1317 4663 mdiisPQ‚qupiraIi,
1333 4601 1419 4650 circulo

165 4661 459 4730 'ithAQPmm
477 4668 764 4719 circulusAedei-
795 4664 1073 4713 etovrlioccurrentibus
1089 4664 1113 4709 in
1135 4674 1185 4725 pet
1206 4667 1419 4722 n,aetm‚Qet

165 4728 470 4800 thdligeturinercue
479 4737 613 4784 innumeros
628 4734 728 4799 equales
737 4744 765 4781 ut
795 4745 819 4792 q,
835 4727 1417 4792 demimcapianturexpunctisaetp‚ad1’e
