3202 5446
148 491 452 574 ,amassenus
484 492 1123 565 rnrvcrrrmuarflsnurrcl.
1361 483 1430 548 ‚sn
1551 449 1554 459 ⁴

155 668 266 732 vello
280 665 321 732 ad
338 677 353 733 l
371 666 503 732 circiter.
550 667 614 734 Sed
632 666 846 753 experimento
859 668 957 752 priori
978 669 1078 754 magis
1091 668 1256 756 fidendum
1276 679 1336 745 est,-
1352 689 1448 752 prop-

151 776 394 862 tereaquodin
408 775 458 840 his
472 776 589 840 ultimis
603 799 657 840 vas
672 776 763 839 nimis
778 789 944 864 angustum
965 775 1025 841 furt
1046 799 1106 862 pro
1127 777 1340 866 magnitudine
1361 777 1448 865 globi

156 882 305 947 immersi.
349 882 510 967 Ampliato
520 940 522 945 .
534 883 640 971 globo,
667 883 795 948 deberet
818 883 912 949 etiam
934 907 989 948 vas
1018 885 1171 969 ampliari.
1206 885 1447 955 >constitueram

154 989 285 1076 quidem
309 989 489 1076 hujusmodi
512 989 725 1074 experimenta
745 990 779 1054 in
797 990 879 1054 vasis
898 991 1067 1076 majoribus
1082 992 1161 1056 etin
1180 991 1354 1078 liquoribus
1373 1003 1446 1062 ,tum

152 1096 354 1169 metallorum
362 1095 529 1174 -fusorum,
541 1109 609 1161 tum
624 1096 691 1161 aliis
705 1097 891 1181 quibusdam
905 1109 970 1163 tam
985 1099 1093 1165 calidis
1107 1099 1336 1187 quamfrigidis
1356 1121 1447 1184 repe·¹

153 1215 240 1277 tere:
256 1203 312 1270 sad
326 1204 431 1269 omnia
445 1203 581 1288 experiri
598 1225 662 1268 non
676 1216 824 1282 vacatet
838 1226 877 1268 ex
887 1204 1333 1291 jamdescriptissatisliquet
1353 1207 1446 1271 resis-

153 1315 286 1384 tentiam
299 1337 467 1401 corporum
481 1315 623 1379 celeriter
636 1326 793 1379 motorum
807 1314 954 1380 densitati
966 1315 1134 1380 fluidorum
1149 1316 1182 1378 in
1191 1302 1304 1402 quibus
1312 1337 1446 1381 moven-

154 1437 209 1492 tur
222 1424 496 1511 proportionalem.
504 1447 571 1489 esse
586 1447 680 1511 quam
694 1423 847 1509 proxime.
886 1424 1053 1491 Nondico.
1064 1426 1235 1494 accurate..
1255 1423 1340 1493 Nam
1350 1426 1447 1492 fluida

154 1537 332 1614 mambra,
340 1536 410 1620 pari
424 1535 587 1612 densitate,
596 1532 811 1619 proculdubio
825 1535 924 1623 magis
936 1535 1093 1602 resistunt.
1101 1535 1195 1624 quiam
1207 1536 1390 1624 liquidiora,
1409 1550 1447 1601 ut

153 1645 262 1712 oleum
275 1644 435 1732 trigidum
444 1667 538 1732 quam
552 1643 698 1721 calidum,
726 1644 868 1709 calidum.
876 1643 970 1730 quim
984 1669 1065 1733 aqua
1078 1647 1244 1731 pluvialis.
1258 1670 1339 1734 aqua
1352 1643 1448 1733 quiam

124 1799 130 1811 ..
153 1753 281 1840 spiritus
295 1752 369 1816 vini.
414 1751 534 1816 Verum
548 1753 581 1814 in
595 1751 778 1838 liquoribus,
801 1750 856 1838 qui
870 1751 911 1814 ad
931 1773 1057 1818 sensum
1071 1753 1144 1818 satis
1158 1753 1399 1830 fluidi.sunt,.ut
1413 1754 1447 1818 in

152 1862 239 1938 adra,
253 1858 381 1946 inaquri
396 1881 451 1923 seu
466 1858 551 1923 dulci
564 1882 619 1924 seu
635 1858 723 1936 salsi,
740 1859 773 1922 in
788 1857 945 1946 spiritibus
960 1860 1033 1938 vini,
1049 1860 1216 1925 terebinthi
1230 1860 1396 1947 etsalium,
1412 1859 1451 1924 in

152 1969 226 2036 oleo
240 1993 260 2033 a
272 1968 401 2033 faecibus
423 1991 481 2054 per
494 1968 736 2033 distillationem
750 1968 883 2034 liberato
897 1982 930 2034 et
943 1970 1101 2048 calefacto,
1125 1971 1258 2058 oleoque
1278 1970 1394 2035 vitrioli
1414 1982 1448 2035 et

153 2082 320 2159 mercurio,
343 2103 380 2145 ac
394 2080 527 2145 metallis
541 2080 774 2166 liquefactis,·et
787 2081 814 2145 si
828 2082 882 2167 qui
897 2082 960 2145 sint
973 2081 1036 2159 alii,
1059 2081 1192 2168 quitum
1205 2081 1389 2146 fluidisunt
1410 2095 1447 2144 ut
1546 2155 1549 2161 s

153 2193 188 2257 in
202 2191 283 2255 vasis
297 2190 404 2278 agitati
418 2203 539 2254 motum
553 2191 739 2274 impressum
759 2189 875 2254 diutius
890 2202 1091 2267 conservent,
1116 2190 1267 2275 effusique
1286 2185 1449 2253 liberrime

152 2298 189 2363 in
210 2311 315 2387 guttas
336 2298 532 2363 decurrendo
552 2298 758 2376 resolvantur,
785 2297 889 2362 nullus
910 2298 1118 2384 dubitoquin
1140 2299 1249 2386 regula
1262 2298 1356 2362 allata
1370 2298 1446 2362 satis

154 2411 300 2478 accurat&
318 2411 488 2476 obtineatr.
505 2410 678 2496 prasertim
699 2410 726 2473 si
747 2409 961 2494 experimenta
984 2410 1017 2473 in
1037 2409 1221 2494 corporibus
1245 2407 1391 2492 pendulis
1413 2421 1446 2474 et

153 2522 323 2608 majoribus
338 2534 371 2587 et
380 2521 517 2585 velocius
528 2521 623 2585 motis
638 2520 847 2584 instituantur.
923 2507 925 2511 ¹
1024 2527 1026 2532 '
1447 2597 1449 2602 Ι

196 2629 344 2714 Denique
359 2624 431 2692 edm
446 2623 668 2692 nonnullorum
682 2627 789 2711 opinio
808 2626 856 2704 sit,
873 2626 1032 2691 medium
1045 2626 1204 2712 quoddam
1217 2626 1391 2710 ,aemereum
1413 2639 1446 2691 et

152 2737 248 2827 longe
258 2737 492 2802 subtilissimum
502 2737 719 2824 extare,.quod
728 2758 837 2800 omnes
848 2738 988 2801 omnium
999 2759 1167 2822 corporum
1174 2759 1270 2823 poros
1281 2752 1313 2802 et
1323 2749 1443 2802 meatus

153 2843 322 2911 uberrime.
333 2857 475 2931 permeet
482 2868 491 2921 3
518 2868 538 2908 a
551 2844 606 2908 tali
620 2856 726 2907 autem
740 2842 845 2907 medio
859 2865 917 2928 per
930 2865 1098 2928 corporum
1112 2866 1207 2929 poros
1221 2844 1338 2909 fluente
1352 2845 1444 2924 resis-

153 2954 251 3020 tentia
265 2954 340 3019 oriri
354 2953 483 3018 debeat:
506 2966 542 3018 ut
563 2965 715 3017 tentarem
728 2975 770 3016 an
784 2953 968 3030 resistentia,
989 2975 1083 3037 quam
1098 2953 1139 3016 in
1146 2953 1238 3017 motis
1260 2955 1444 3038 corporibus

154 3063 344 3150 experimur,
368 3073 432 3127 tota
448 3062 535 3127 sitin
551 3083 660 3126 eorum
674 3059 805 3126 externis
820 3058 994 3144 superficie,
1016 3082 1058 3123 an
1071 3081 1151 3123 vero.
1159 3071 1265 3143 partes
1280 3062 1377 3125 etiam⁴
1395 3061 1449 3142 inq

153 3186 253 3239 ternae
267 3174 300 3238 in
314 3172 537 3258 superficiebus
546 3172 686 3256 propriis
702 3169 907 3234 resistentiam
921 3169 1091 3252 notabilem
1106 3171 1250 3248 sentiant,
1266 3169 1444 3254 excogitavi
1582 3225 1584 3227 ,

153 3281 403 3366 experimentum
418 3279 489 3344 tale.
509 3307 511 3312 ·
534 3277 605 3342 Filo
626 3276 742 3363 pedum
764 3276 909 3340 undecim
922 3275 1126 3362 longitudinis
1141 3276 1181 3340 ab
1196 3298 1279 3342 unco
1292 3276 1444 3363 chalybeo

154 3390 229 3457 satis
243 3389 345 3469 firmo,
368 3389 527 3454 mediante
541 3387 658 3452 annulo
672 3386 833 3474 chalybeo,
856 3385 1084 3470 suspendebam
1105 3385 1255 3472 pyxidem
1278 3386 1443 3474 abiegnam

153 3497 331 3576 rotundam,
357 3496 398 3561 ad
419 3495 671 3560 constituendum
694 3493 867 3580 pendulum
892 3492 1095 3581 longitudinis
1114 3494 1283 3578 praedictae.
1331 3494 1448 3559 Uncus'

154 3626 279 3669 sursum
292 3616 469 3690 praeacutus
485 3614 552 3666 erat
566 3603 632 3666 acie
647 3599 793 3678 concavi,
820 3614 855 3665 ut
869 3598 1002 3664 annulus
1022 3622 1096 3665 arcu
1116 3623 1173 3665 suo
1192 3602 1351 3687 superiore
1365 3601 1443 3666 aciei

152 3711 288 3778 annixus
302 3710 459 3775 liberrime
473 3722 658 3774 moveretur.
704 3709 803 3773 Arcui
817 3721 921 3772 autem
941 3707 1080 3772 inferiori
1100 3711 1322 3775 annectebatur
1343 3711 1442 3775 filum.

155 3818 336 3884 Pendulum
349 3819 393 3883 ita
407 3817 610 3882 constitutum
625 3816 819 3881 deducebam
833 3839 854 3879 a
867 3814 1091 3901 perpendiculo
1105 3808 1339 3887 adydistantiam
1354 3820 1450 3907 quasi¹
1526 3903 1528 3908 Α

152 3934 272 4021 pedum
285 3957 354 4012 sex,
381 3934 475 4021 idque
489 3933 661 3997 secundum
674 3932 803 4017 planum
818 3931 982 3996 acieiunci
996 3930 1266 4018 perpendiculare,
1288 3949 1329 3991 ne
1342 3949 1451 3991 annu--

154 4039 217 4118 lus,
239 4040 401 4104 oscillante
411 4039 560 4125 pendulo,
577 4062 673 4125 supra
687 4039 785 4104 aciem
800 4037 873 4102 unci
887 4037 971 4103 ultro
985 4039 1131 4125 citroque¹
1147 4037 1313 4102 laberetur.
1333 4035 1443 4121 ollam

154 4158 305 4232 punctum
320 4146 541 4232 suspensionis,
557 4146 668 4232 inquo
683 4146 815 4209 annulus
825 4166 941 4209 uncum
952 4146 1061 4234 tangit,
1076 4145 1240 4211 immotum
1251 4163 1378 4205 manere
1389 4140 1444 4205 de-
1586 4187 1594 4207 .

154 4256 218 4322 bet.
250 4255 373 4321 Iocum
382 4256 478 4344 igitur
489 4254 633 4323 accurate
641 4256 798 4334 notabam,
814 4255 855 4319 ad
870 4277 963 4342 quem
971 4255 1163 4344 deduxerum
1171 4251 1354 4338 pendulum,
1370 4250 1444 4316 dein

153 4361 294 4449 pendulo
315 4362 451 4427 demisso
473 4362 621 4427 notabam
636 4362 697 4426 alia
710 4362 770 4428 tria
783 4362 854 4427 loca
867 4361 908 4428 ad
923 4385 994 4449 quae
1008 4361 1131 4428 redibat
1144 4361 1184 4428 in,
1192 4359 1257 4425 fine
1277 4357 1445 4432 oscillatio-

153 4473 203 4537 nis
217 4473 339 4558 primae,
356 4471 502 4536 secundas
517 4493 554 4535 ac
568 4472 680 4536 nrtioe.
727 4470 803 4536 Hoc
817 4471 996 4556 repetebam
1011 4471 1134 4555 soepius,
1151 4480 1186 4552 ut
1199 4467 1274 4560 loca
1282 4466 1337 4556 illa
1350 4472 1451 4560 qoam

153 4579 243 4664 potui
268 4577 497 4643 accuratissime
520 4578 701 4643 invenirem.
746 4579 832 4644 Tum
856 4579 1005 4666 pyxidem
1030 4576 1163 4663 plumbo
1186 4588 1218 4639 et
1239 4573 1444 4668 gravioribus,

154 4707 226 4774 quae
241 4685 282 4750 ad
296 4709 408 4751 manus
423 4700 521 4763 erant,
538 4687 671 4751 metallis
685 4687 863 4773 implebam.
896 4686 1054 4772 Sedprius
1068 4681 1282 4769 ponderabam
1296 4680 1450 4767 pyxidem,

155 4815 296 4872 vacuam,
321 4794 384 4860 unii
403 4816 475 4860 curn
491 4806 580 4881 parte
603 4794 649 4861 fili
670 4818 742 4883 quae
767 4797 884 4946 prppm
903 4794 1053 4883 pyxidem
1070 4793 1252 4860 volvebatur
1265 4787 1454 4883 acdimidio':
