3188 5444
155 457 196 512 50
468 441 805 509 PHILOSOPHIAE
833 439 1104 507 NATURALIS
1150 437 1260 512 lMor.
1278 442 1434 503 Conmn

195 619 290 682 Corcl.
318 623 344 681 1.
368 614 463 683 Unde
477 617 504 680 si
517 638 575 702 per
591 617 619 681 B
633 615 764 679 ducatur
779 616 917 702 tangenti
930 612 1078 700 parallela
1093 611 1122 675 Β
1138 610 1175 689 F,
1191 625 1308 676 rectam
1321 632 1430 700 quam·

151 729 196 788 uls
219 726 250 786 A
271 725 298 788 F
318 745 376 808 per
398 724 429 786 A
454 735 666 786 transeuntem
684 734 837 806 perpetuo
1038 735 1077 802 A
1295 733 1319 803 Β

151 850 258 895 secans
272 829 305 891 in
321 829 357 906 F,
380 827 449 891 haec
465 828 494 892 Β
510 826 660 890 Fultimo
674 825 715 889 ad
729 842 836 888 arcum

150 946 384 1002 evanescentem
399 935 429 998 A
447 933 520 998 CB
541 933 693 997 rationem
708 931 835 995 habebit
996 956 1024 1028 p

149 1041 341 1129 aequalitatis,
364 1063 403 1104 eo
424 1037 510 1127 quod
524 1038 680 1123 completo
701 1035 834 1122 paralle-
1091 1047 1122 1110 c,

149 1144 322 1233 logrammo
341 1145 372 1207 A
389 1142 460 1206 FB
483 1141 516 1206 D
536 1141 689 1204 rationem
711 1160 834 1223 semper

152 1250 246 1316 habet
258 1249 440 1337 equalitatis
454 1247 495 1311 ad
510 1248 541 1311 A
556 1246 600 1312 D.

194 1358 290 1421 Corol.
306 1364 336 1420 2.
361 1356 402 1420 Et
427 1355 454 1419 si
475 1376 532 1438 per
559 1354 634 1418 Bet
656 1352 688 1415 A
712 1350 866 1414 ducantur
887 1349 992 1434 plures
1016 1364 1109 1414 rectae
1125 1352 1154 1416 Β
1170 1351 1208 1430 Ε,
1235 1353 1319 1430 BD,
1343 1354 1374 1416 A
1391 1352 1428 1430 F,

151 1464 182 1527 A
198 1463 240 1540 G,
263 1474 401 1526 secantes
423 1471 602 1548 tangentem
628 1458 658 1521 A
681 1456 715 1522 D
738 1470 770 1521 et
791 1456 887 1541 ipsius
910 1456 1089 1540 parallelum
1113 1457 1198 1535 BF;
1220 1458 1299 1522 ratio
1322 1458 1429 1522 ultIma

149 1569 352 1633 abscissurum
375 1564 513 1631 omnium
528 1566 559 1629 A
573 1565 617 1642 D,
641 1566 673 1628 A
689 1564 728 1643 Ε,
746 1564 774 1628 Β
791 1564 827 1642 F,
845 1564 873 1628 Β
888 1564 932 1641 G,
948 1563 1134 1650 chordaeque
1148 1576 1180 1628 et
1193 1586 1283 1628 arcus
1298 1566 1329 1629 A
1346 1565 1375 1631 Β
1388 1563 1430 1629 ad

150 1676 281 1739 invicem
295 1676 354 1740 erit
367 1675 446 1738 ratio
460 1672 652 1759 equalitatis.

193 1783 289 1846 Corol.
312 1790 342 1846 3.
366 1781 408 1845 Et
431 1791 597 1865 propterea
616 1779 668 1842 hae
682 1800 789 1842 omnes
804 1777 905 1855 lineae,
930 1778 962 1840 in
977 1778 1062 1840 omni
1076 1776 1116 1842 de
1130 1778 1299 1844 rationibus
1313 1779 1430 1844 ultimis

149 1889 424 1976 argumentatione,
445 1909 506 1972 pro
520 1909 553 1950 se
567 1886 699 1950 invicem
713 1885 856 1970 usurpari
861 1888 1008 1969 'possunt

643 2069 810 2137 LRMMA
838 2066 934 2134 VIII.

147 2201 182 2264 Si
195 2209 281 2261 ructa
303 2199 383 2261 datae
397 2199 429 2261 A
445 2196 487 2272 R,
513 2197 541 2260 B
558 2196 589 2260 R
602 2218 665 2258 cum
678 2218 751 2258 arcu
766 2198 796 2259 A
813 2196 841 2260 C
858 2196 898 2271 B,
924 2196 1033 2259 chordd
1049 2199 1079 2261 A
1097 2198 1125 2261 Β
1139 2208 1167 2261 et
1181 2208 1320 2284 longene
1335 2201 1366 2264 A
1383 2200 1429 2274 D,

191 2305 343 2387 triangula
362 2304 425 2366 tria
450 2303 482 2367 R
496 2305 528 2367 A
544 2303 583 2378 Β,
609 2302 640 2366 R
655 2303 685 2366 A
702 2302 730 2366 C
747 2302 787 2379 B,
816 2302 847 2366 R
863 2303 892 2366 A
908 2302 942 2368 D
967 2306 1151 2379 constituunt,
1174 2307 1242 2368 dein
1250 2315 1364 2387 puncta
1388 2308 1430 2381 A,

194 2409 223 2475 Β
236 2411 375 2472 merdant
388 2410 431 2471 ad
452 2409 589 2472 invicem.-
611 2409 676 2470 dico
690 2409 768 2490 quod
780 2409 884 2470 altimo
892 2408 999 2490 sorno
1010 2411 1223 2494 triangulemm
1237 2415 1432 2477 mammii.

193 2539 239 2578 nm
255 2525 296 2580 est
310 2515 524 2590 similitudinis,
548 2523 575 2577 et
591 2515 693 2577 ultima
708 2515 788 2576 ratio
801 2514 991 2596 aequalitatis.

194 2701 278 2765 Nam
302 2699 378 2763 dum
402 2711 552 2784 punctum
579 2699 607 2763 Β
632 2698 673 2762 ad
694 2712 845 2783 punctum
870 2699 900 2762 A
923 2698 1051 2777 accedit,
1074 2699 1286 2789 intelligantur
1307 2726 1432 2788 semper

152 2811 182 2872 A
199 2809 237 2886 Β,
261 2808 350 2885 AD,
378 2807 409 2870 A
437 2805 522 2870 Rad
546 2818 661 2890 puncta
674 2805 844 2893 longinqua
857 2806 888 2883 b,
911 2804 1009 2870 detr
1029 2807 1169 2891 produci,
1196 2809 1315 2896 ipsique
1339 2810 1370 2874 R
1396 2811 1431 2877 D

149 2913 297 2998 parallelo
321 2914 372 3002 agi
385 2912 437 2977 rb
452 2912 483 2991 d,
506 2925 538 2976 et
562 2912 647 2976 arcui
662 2914 693 2976 A
709 2912 737 2977 C
753 2911 782 2977 Β
796 2912 903 2977 similis
913 2915 1047 2998 'semper
1069 2913 1109 2977 sit
1130 2937 1219 2978 arcus
1235 2915 1263 2978 A
1280 2916 1343 2981 cb.
1389 2918 1431 2983 Et

150 3021 330 3085 coeuntibus
344 3020 466 3105 punctis
483 3020 524 3098 A,
549 3019 586 3097 Β,
609 3019 741 3108 angulus
755 3019 777 3082 b
791 3019 822 3082 A
837 3018 858 3082 d
873 3033 1043 3097 evanescet,
1066 3033 1098 3084 et
1110 3035 1277 3106 propterea
1289 3024 1430 3113 triangu-

149 3127 254 3191 latria
267 3150 389 3212 semper
402 3128 490 3191 finita
504 3148 520 3189 r
535 3125 566 3188 A
580 3126 611 3204 b,
627 3149 644 3190 r
658 3127 689 3190 A
703 3149 720 3190 c
734 3127 765 3203 b,
788 3149 806 3189 r
820 3127 850 3189 A
865 3125 887 3189 d
901 3127 1084 3206 coincident,
1105 3143 1237 3216 suntque
1252 3154 1290 3195 eo
1304 3134 1432 3198 nomine

149 3233 259 3296 similia
269 3247 301 3298 et
311 3233 449 3321 aequalia.
488 3233 582 3299 Unde
593 3247 626 3297 et
635 3233 719 3298 hisce
734 3256 856 3318 semper
870 3234 980 3297 similia
994 3248 1025 3298 et
1038 3238 1281 3321 proportionalia
1296 3239 1327 3303 R
1344 3241 1374 3303 A
1392 3241 1430 3319 Β,

153 3340 183 3405 R
199 3340 228 3403 A
245 3341 273 3406 C
289 3340 327 3418 Β,
353 3340 384 3404 R
399 3341 429 3404 A
443 3341 477 3405 D
492 3340 569 3403 fient
582 3339 691 3404 ultimo
705 3341 763 3405 sibi
776 3341 907 3405 invicem
922 3343 1033 3405 similia
1046 3354 1077 3406 et
1091 3344 1230 3429 aequalia
1268 3346 1310 3422 Q.
1326 3369 1354 3410 e.
1369 3347 1402 3411 d.

195 3448 292 3511 Corol.
316 3446 359 3510 Et
371 3446 444 3509 hinc
459 3446 613 3534 triangula
626 3446 687 3524 illa,
710 3447 743 3509 in
765 3447 850 3510 omni
864 3447 904 3511 de
918 3448 1087 3512 rationibus
1102 3449 1216 3514 ultimis
1232 3469 1430 3538 argrunenta·

152 3554 245 3632 tione,
268 3575 327 3639 pro
341 3576 375 3617 se
389 3553 519 3618 invicem
534 3554 676 3638 usurpari
689 3568 829 3638 possunt

662 3737 833 3804 LEMMA
857 3739 919 3803 IX.

153 3941 187 4004 Si
200 3950 280 4004 reeta
295 3940 325 4003 A
342 3939 371 4004 Ε
391 3949 420 4003 et
441 3962 529 4003 crana
546 3941 575 4005 A
592 3941 620 4004 Β
636 3942 664 4006 C
674 3943 822 4023 positione
835 3944 915 4005 datae
927 3963 958 4005 se
971 3952 1067 4005 mutuo
1081 3952 1174 4006 secent
1189 3946 1221 4006 in
1235 3949 1345 4030 angrdo
1358 3950 1431 4012 doto

196 4047 237 4135 A,
258 4057 288 4111 et
311 4049 354 4109 od
377 4057 483 4111 rectam
506 4049 588 4111 illum
613 4050 646 4111 in
670 4050 732 4110 alio
753 4050 823 4110 doto
844 4050 952 4133 angulo
966 4051 1126 4113 ordinatim
1139 4053 1324 4134 applicentur
1341 4054 1368 4118 B
1383 4056 1430 4134 D,

198 4150 282 4231 ΟΕ,
308 4173 403 4216 curuoe
423 4162 601 4217 namnetes
626 4156 657 4216 in
686 4153 724 4231 Β,
742 4153 779 4230 C,
802 4155 870 4216 dein
887 4164 1001 4236 puncta
1019 4154 1056 4231 B,
1075 4156 1112 4232 C,
1134 4158 1220 4219 simul
1233 4161 1375 4223 accedant
1388 4164 1433 4225 ad

190 4267 330 4339 punctum
345 4259 388 4322 A:
412 4259 477 4322 dico
501 4261 579 4342 quod
591 4280 671 4322 oreae
684 4260 898 4342 triangvaomm
920 4260 950 4321 A
966 4259 995 4323 Β
1010 4260 1053 4337 D,
1079 4265 1107 4325 A
1126 4263 1154 4326 C
1170 4262 1198 4326 E
1217 4274 1303 4326 emat
1327 4268 1432 4331 ultimo

197 4363 239 4424 ad
252 4364 372 4427 inuicem
386 4365 418 4426 in
433 4363 585 4447 duplicati
599 4367 715 4428 ratione
729 4366 862 4430 laterum.

196 4527 320 4592 Etenim
342 4528 416 4592 dum
436 4542 553 4613 puncta
568 4531 606 4608 Β,
624 4530 816 4594 Caccedunt
830 4530 871 4594 ad
884 4545 1032 4614 punctum
1049 4534 1088 4612 A,
1105 4534 1293 4622 intelligatur
1308 4559 1432 4624 semper

155 4635 182 4698 A
207 4633 240 4698 D
254 4633 384 4718 produci
407 4635 447 4698 ad
469 4647 584 4720 puncta
608 4636 776 4723 longinqua
799 4635 907 4714 dete,
932 4652 966 4703 ut
988 4641 1050 4704 sint
1067 4640 1140 4713 Ad,
1166 4641 1320 4727 Aeipsis
1336 4644 1366 4707 A
1382 4645 1418 4710 D
