3202 5446
160 505 275 573 Lmen
292 510 457 590 Saeuum]
498 510 739 578 PRINCIPIA
764 515 1138 584 MATHEMATlCA.

671 994 856 1070 SECTIO
882 996 950 1068 Vl.

331 1183 384 1255 De
400 1196 494 1256 motu
509 1195 545 1255 ct
561 1185 756 1258 resistentia*
771 1209 956 1282 corporum
966 1187 1298 1282 funependulorum.

334 1456 372 1542 (ὓ)
392 1454 676 1523 PROPOSITIO
700 1458 831 1522 XXIV.
877 1456 1153 1523 THEOREMA
1177 1458 1276 1524 XIX.

160 1631 358 1712 Qttantitotes
386 1635 523 1695 noterio
550 1635 583 1695 in
606 1633 779 1714 corporibus
795 1631 1029 1716 fiuncpendnlis,
1054 1655 1177 1716 qnorum
1206 1643 1310 1696 centro
1341 1634 1462 1697 oscillo-

148 1778 154 1789 ·
202 1745 316 1807 tionum
331 1766 351 1805 a
366 1754 468 1807 centro
482 1746 683 1826 suspensionis
698 1746 858 1827 equaliter
872 1744 998 1820 distent,
1020 1752 1091 1807 sunt
1107 1745 1277 1807 iuratione
1299 1741 1461 1826 conposite

202 1874 240 1916 en
267 1854 388 1916 ratione
410 1855 578 1935 ponderum
608 1864 636 1916 et
661 1855 783 1915 ratione
808 1851 965 1935 duplicati
995 1862 1158 1934 temporum
1184 1854 1401 1917 oscillationem
1427 1855 1461 1916 in

203 1989 305 2030 vacus).

203 2136 288 2200 Nam
301 2136 458 2205 velocitas,
476 2157 570 2222 quarn
586 2135 659 2198 data
673 2134 719 2198 vis
735 2135 767 2196 in
783 2132 855 2197 dati
876 2132 1016 2212 materiai,
1044 2133 1121 2198 dato
1143 2145 1286 2219 tempore
1308 2155 1460 2222 generare

155 2257 271 2329 potest,
296 2257 344 2308 est
360 2257 394 2307 ut
404 2244 450 2306 vis
466 2256 497 2307 et
512 2255 635 2328 tempus
659 2242 786 2321 directi,
812 2255 844 2307 et
865 2243 996 2307 materia
1017 2242 1150 2307 inversi.
1197 2243 1275 2320 Quo
1290 2245 1390 2330 major
1411 2258 1460 2309 est

156 2354 204 2417 vis
220 2353 270 2417 vel
284 2354 385 2444 majus
400 2366 524 2437 tempus
545 2352 595 2416 rel
617 2352 720 2415 minor
742 2353 881 2431 materia,
906 2375 944 2417 eo
959 2355 1059 2439 major
1080 2353 1283 2441 generabitur
1298 2353 1454 2419 velocitas.

157 2463 198 2529 Id
212 2462 298 2549 quod
312 2484 370 2548 per
384 2475 487 2527 motus
514 2463 636 2550 Legem
660 2463 832 2528 secundam
853 2463 1053 2529 manifestum
1073 2478 1130 2530 est.
1175 2463 1214 2551 (¹¹)
1237 2465 1310 2531 Jam
1336 2465 1411 2531 verb
1433 2468 1460 2531 si

154 2574 295 2659 pendula
317 2573 457 2659 ejusdem
473 2576 536 2638 sint
551 2575 765 2664 longitudinis,
793 2576 875 2640 vires
896 2577 1043 2641 motrices
1058 2578 1092 2641 in
1107 2578 1184 2642 locis
1199 2602 1219 2642 a
1232 2579 1459 2664 perpendiculo

155 2684 318 2771 aequaliter
333 2683 520 2748 distantibus
536 2698 610 2749 sunt
624 2699 659 2749 ut
673 2686 831 2771 pondera:
860 2686 995 2772 ideoque
1017 2688 1044 2750 si
1067 2708 1201 2772 corpora
1227 2686 1291 2751 duo
1313 2688 1459 2752 oscillan-

155 2799 199 2863 do
220 2798 399 2863 describant
420 2819 510 2861 arcus
533 2797 681 2885 aequales,
709 2809 741 2861 et
763 2820 853 2861 arcus
868 2797 913 2860 illi
933 2797 1115 2862 dividantur
1128 2798 1163 2861 in
1176 2812 1283 2884 partes
1298 2799 1453 2886 oequales3
1542 2825 1545 2830 ⁷

156 2907 189 2996 (¹)
201 2907 273 2972 cirin
287 2922 428 2994 tempora
443 2909 558 2995 quibus
574 2929 707 2992 corpora
722 2907 901 2971 describant
914 2907 1054 2998 singulas
1069 2928 1200 2970 arcuum
1213 2920 1319 2992 partes
1335 2930 1457 2973 corres-

188 3106 224 3171 (⁸)
238 3110 251 3137 ⁶
265 3109 389 3168 Prornsitiu
401 3108 501 3155 XXIV.
531 3106 559 3153 ln
569 3104 612 3153 bie
626 3103 787 3164 Propositioue
820 3120 865 3164 pua
875 3103 1017 3151 acceleratur
1027 3102 1053 3149 io
1063 3100 1140 3163 prime
1151 3102 1256 3163 cycloide
1271 3103 1297 3151 in
1313 3115 1403 3165 puncto
1419 3107 1454 3162 D,

156 3181 181 3218 ct
191 3172 243 3234 ejus
255 3171 389 3219 Corollariis
403 3171 543 3231 supponitur
558 3185 654 3228 corpora
669 3169 785 3229 iuncpen·
818 3168 862 3216 erit
877 3167 909 3215 ad
925 3178 1000 3215 totum
1015 3168 1066 3230 ejus
1081 3168 1184 3228 corporis
1197 3166 1297 3229 pondus,
1313 3179 1342 3217 ut
1357 3170 1392 3217 vis
1407 3170 1455 3233 qui

154 3234 220 3292 dula,
231 3252 285 3298 quae
295 3245 465 3296 comparantur,
485 3235 511 3280 in
527 3234 671 3296 cycloidibus
681 3243 723 3279 aut
738 3233 784 3280 sal·
817 3247 901 3292 corpus
919 3231 1061 3278 acceleratur
1075 3230 1101 3277 in
1117 3230 1189 3278 alteri
1201 3232 1305 3294 cycloide
1321 3234 1346 3280 in
1363 3246 1452 3295 puncto

154 3310 204 3346 tem
220 3300 246 3345 in
257 3299 348 3361 exiguis
363 3300 443 3362 magni
460 3300 540 3346 circuli
556 3301 657 3345 arcubus
675 3297 781 3344 oscilleri.
818 3296 842 3353 d,
859 3296 888 3343 ad
900 3305 977 3342 totum
988 3296 1039 3356 ejus
1049 3296 1153 3356 corporis
1167 3296 1267 3357 pondus.
1303 3298 1374 3346 Unde
1385 3300 1453 3347 sicis-

155 3367 169 3394 ·
185 3363 294 3411 Pondera
303 3373 382 3410 autern
393 3378 516 3422 corporum
527 3363 565 3409 hic
576 3361 663 3422 duplici
675 3361 705 3408 de
716 3361 786 3408 causi
818 3361 869 3417 aim,
879 3360 912 3406 ris
920 3359 967 3421 qui
974 3360 1115 3406 acceleratur
1122 3360 1225 3421 primum
1235 3376 1320 3422 corpus
1330 3362 1354 3408 in
1363 3376 1452 3424 puncto

155 3444 170 3475 a
181 3427 279 3475 materii
289 3427 392 3487 ipsorum
409 3427 600 3488 distinguuntur;
619 3427 701 3486 primo,
721 3426 785 3486 quod
820 3425 852 3480 D,
864 3433 899 3471 est
909 3423 939 3470 ad
951 3423 997 3469 rim
1010 3422 1058 3486 qui
1065 3422 1165 3471 alterum
1176 3424 1316 3473 acceleratur
1326 3427 1352 3473 iu
1363 3439 1452 3487 puncto

154 3492 263 3539 nondum
278 3491 363 3538 assumi
381 3492 452 3551 possit
468 3492 603 3553 gravitatem
619 3506 688 3553 agere
702 3505 784 3536 secun·
817 3488 840 3542 d,
859 3499 886 3536 ut
896 3498 972 3535 totum
983 3487 1066 3548 prioris
1081 3488 1183 3548 corporis
1199 3488 1298 3549 pondm,
1311 3490 1340 3538 ad
1358 3493 1451 3551 pondus

153 3556 213 3603 dum
224 3557 338 3603 udonem
349 3570 484 3610 massarum,
496 3570 550 3601 curn
563 3554 587 3601 id
602 3555 679 3615 ipsum
695 3569 724 3601 ex
740 3555 785 3600 isto
816 3553 913 3600 alterius
921 3552 1030 3613 corporis,
1040 3549 1140 3615 idebque
1148 3555 1168 3602 ai
1174 3557 1278 3616 percute
1288 3559 1337 3603 sint
1347 3556 1450 3617 ᾴωάιηι

155 3621 311 3669 'l'neoremate
327 3631 406 3680 postea
422 3618 558 3676 deducatur,
581 3620 635 3667 Cor.
649 3624 688 3675 7.;
709 3627 732 3666 et
748 3633 784 3665 se-
816 3621 967 3679 longitudinis
977 3619 1035 3665 eires
1046 3621 1158 3674 nutrices,
1171 3619 1213 3665 icc.
1251 3618 1282 3673 Q
1292 3634 1312 3665 e.
1326 3619 1350 3666 d.

153 3685 241 3741 cundo,
253 3685 278 3731 in
289 3683 384 3730 diversis
395 3685 451 3730 locis
461 3684 560 3747 gravitas
571 3683 660 3730 diversa
676 3698 725 3730 esse
743 3698 783 3742 po-
849 3681 880 3745 (l)
902 3686 963 3731 Cum
978 3692 1079 3743 tempure
1098 3685 1182 3745 qubus
1203 3700 1297 3744 copore
1319 3687 1449 3733 mscnbunt

153 3760 200 3797 test
211 3753 250 3812 (ut
260 3748 355 3810 quidem
362 3763 389 3795 er
399 3749 563 3808 experimentis
571 3750 671 3807 constat)
684 3746 784 3808 idebque
815 3749 917 3808 Quies
925 3757 1108 3808 crcunnrportes
1118 3747 1240 3811 (aquales)
1250 3757 1449 3810 conespondcntes

153 3828 278 3874 corporum
295 3812 398 3860 duorum
413 3814 439 3858 in
454 3813 549 3860 disemis
559 3814 587 3858 iis
598 3813 654 3858 locis
670 3824 782 3872 spectato·
815 3813 862 3858 sint
872 3821 899 3859 ut
912 3821 1012 3872 ternpore
1024 3814 1190 3860 oscitationum
1200 3821 1309 3860 totarum.

152 3892 207 3924 rum
218 3878 277 3923 ratio
287 3878 389 3925 materiae
399 3877 480 3924 eadem
496 3879 605 3933 manebit,
623 3892 669 3923 non
681 3874 736 3923 verti
746 3891 783 3922 ra-
848 3879 861 3906 0
877 3876 928 3922 Sint
946 3891 1014 3922 arcus
1031 3875 1056 3922 D
1070 3876 1097 3932 C,
1115 3874 1274 3938 dcaaquales,
1293 3888 1447 3940 secenturque

154 3941 188 3989 tio
199 3941 337 4001 ponderum.
817 3939 842 3986 in
859 3951 936 4000 partes
952 3938 1053 4002 aquales
1072 3939 1164 3987 infinite
1183 3955 1264 4000 parvas
1285 3941 1310 3988 D
1323 3941 1353 3997 Ε,
1376 3942 1398 3990 E
1417 3943 1445 3996 F,

186 4007 224 4070 (¹³)
235 4009 291 4055 June
301 4005 353 4054 neri
363 4007 599 4068 tipenduloqiusdem
606 4009 651 4054 sint
661 4007 784 4066 lossgdudi-
817 4006 875 4062 διας
887 4003 904 4051 d
915 4020 936 4060 e,
948 4020 962 4051 e
972 4004 988 4058 f.
1000 4005 1053 4060 dra,
1065 4019 1093 4050 ex
1105 4005 1197 4063 punctis
1210 4004 1242 4058 D,
1254 4005 1285 4061 E,
1297 4005 1317 4052 F
1328 4015 1352 4052 et
1362 4005 1385 4061 d,
1394 4023 1415 4063 e,
1428 4007 1445 4064 f,

152 4072 198 4127 πίε,
215 4072 272 4118 uires
282 4074 388 4119 nutrices
398 4073 425 4117 in
435 4073 489 4119 locis
499 4089 513 4116 c
523 4073 687 4132 peqrendicnlo
702 4085 785 4133 aquo·
817 4067 935 4116 ducantur
945 4069 1147 4128 perpendiculares
1157 4068 1187 4115 ad
1198 4084 1273 4125 arem,
1289 4070 1313 4117 D
1325 4070 1363 4126 M,
1377 4071 1400 4118 E
1411 4072 1444 4129 N,

151 4137 352 4183 literdistentibns
363 4144 418 4183 sunt
429 4146 454 4182 ut
464 4139 573 4196 prmidera.
819 4133 840 4180 F
853 4134 890 4191 113
913 4134 938 4181 D
949 4148 982 4188 m,
999 4148 1047 4186 en,
1060 4132 1073 4179 i
1081 4148 1108 4190 r;
1127 4132 1199 4197 liquet
1219 4132 1316 4180 lineolas
1336 4134 1365 4182 Μ
1378 4135 1402 4182 N
1422 4147 1447 4182 et

186 4203 200 4230 ⁰
215 4200 278 4246 Nam
294 4200 313 4245 si
330 4198 433 4258 pendula
447 4199 553 4262 ejusdem
564 4200 610 4246 sint
620 4198 782 4261 longitudinis,
816 4212 840 4243 m
852 4213 874 4251 n,
890 4197 918 4244 M
933 4198 956 4244 R
973 4208 996 4244 et
1014 4213 1100 4244 mres
1121 4197 1240 4259 hypothesi
1259 4197 1309 4244 iore
1328 4198 1444 4272 aqualcs5

152 4263 268 4324 cycloides
286 4263 355 4324 plane
374 4264 461 4309 similes
479 4274 504 4311 et
520 4264 621 4326 aquales
639 4264 779 4311 describent:
815 4278 844 4309 ex
856 4260 1028 4309 naturiautcm
1039 4261 1164 4324 gravitatis,
1180 4261 1289 4308 velocitas
1298 4263 1409 4325 acqufflta
1421 4265 1445 4310 in

152 4327 178 4373 in
189 4328 331 4390 uniquique
347 4338 426 4375 autern
438 4328 549 4388 cycloide,
567 4331 626 4374 vires
636 4328 721 4391 quihus
731 4343 782 4375 cor·
816 4327 839 4374 Ε
859 4327 903 4373 erit
913 4327 943 4374 ad
954 4326 1099 4373 velocitatem
1114 4325 1249 4388 acquisitam
1266 4326 1290 4373 in
1304 4327 1324 4373 F
1336 4338 1362 4374 ut
1378 4329 1444 4378 radia

152 4406 209 4451 pora
223 4393 248 4437 in
267 4392 323 4439 locis
338 4394 458 4454 quibusvis
476 4393 508 4448 D,
530 4393 588 4449 (oid.
594 4396 640 4458 fig.
651 4409 705 4454 ρας.
720 4398 782 4456 seq.)
815 4391 945 4438 altitudinis
957 4391 986 4437 M
998 4391 1021 4437 N
1033 4390 1062 4437 ad
1073 4390 1173 4437 radicem
1188 4391 1216 4437 M
1229 4391 1259 4446 R,
1277 4400 1301 4438 et
1311 4391 1395 4452 pariter
1406 4408 1444 4439 se·

151 4455 189 4502 vel
201 4455 217 4503 tl
228 4456 391 4513 accelerantur,
409 4456 505 4503 suntad
516 4466 592 4504 toturn
603 4457 691 4518 singuli
702 4472 783 4516 corpo-
815 4455 896 4503 locitas
912 4455 1024 4516 muium
1034 4455 1059 4500 in
1070 4470 1091 4511 e,
1110 4455 1153 4502 erit
1163 4454 1192 4502 ad
1205 4454 1348 4502 velocitatem
1365 4457 1444 4518 acqui·

151 4520 185 4567 ris
201 4520 295 4580 pondus
309 4521 335 4566 in
347 4520 404 4567 locis
414 4521 539 4577 altissimis,
558 4530 585 4567 ut
595 4536 664 4567 arcus
674 4520 784 4581 cycloidis
815 4521 883 4567 sitam
906 4520 930 4566 in
950 4519 1004 4566 lut
1024 4522 1055 4582 ,l
1070 4535 1094 4564 m
1106 4534 1122 4565 u
1141 4523 1170 4565 ad
1189 4521 1220 4580 ,l
1239 4533 1293 4574 mr,
1313 4536 1368 4569 cum
1387 4537 1444 4584 ergo

153 4584 215 4631 inter
231 4584 782 4645 locapropositaD,detpunctainlimaC‚e,
817 4588 849 4644 4!
866 4585 1021 4645 MN=V
1037 4586 1166 4645 mnmql
1182 4585 1210 4630 M
1226 4585 1444 4645 li=4lmrve=

151 4648 182 4695 ad
200 4660 259 4696 totas
275 4649 461 4710 serni-cycloides
475 4652 547 4759 §Con
564 4650 634 4709 Prop
650 4649 711 4696 Lll.
731 4649 781 4695 bib.
818 4648 899 4696 locitas
910 4649 1020 4710 acquisita
1032 4649 1055 4694 in
1069 4648 1092 4694 E
1104 4659 1139 4694 est
1149 4648 1179 4695 ad
1190 4649 1335 4697 velocitatem
1345 4650 1445 4712 acquisi-

153 4712 174 4760 Ι.
181 4721 190 4772 J
225 4715 292 4774 Ergo
302 4714 322 4759 si
333 4713 475 4774 semi-cycloi
492 4715 573 4760 es-sint
584 4713 685 4775 aquales
695 4723 719 4761 et
734 4713 785 4760 loca
816 4722 864 4759 tarn
875 4714 900 4758 in
915 4713 941 4765 F.
953 4722 981 4760 ut
992 4713 1100 4758 velocitas
1107 4713 1220 4775 acquisita
1230 4714 1255 4760 in
1266 4730 1279 4760 e
1295 4724 1330 4761 est
1339 4713 1371 4762 ad
1381 4715 1444 4760 velo·

153 4777 179 4824 D
196 4788 219 4824 et
230 4778 246 4823 d
259 4794 273 4824 a
287 4777 455 4838 perpendiculo
471 4779 591 4839 aqualiter
607 4779 700 4834 distent,
717 4792 786 4824 arcus
815 4777 909 4823 citatem
922 4776 1057 4839 acquisitam
1070 4777 1123 4833 inf,
1141 4787 1164 4823 ct
1175 4777 1275 4826 vicissim
1286 4779 1395 4826 velocitas
1405 4793 1443 4825 ac·

152 4842 178 4889 D
192 4842 212 4889 C
224 4853 248 4889 et
259 4842 274 4888 d
286 4858 298 4890 t
310 4851 379 4889 erunt
390 4842 497 4904 aequales,
519 4841 619 4904 ideisque
631 4842 722 4905 eisqui
734 4857 784 4889 cor·
817 4842 902 4904 quisita
913 4843 937 4887 in
951 4841 981 4888 Ε.
994 4851 1028 4888 est
1038 4840 1069 4889 ad
1077 4841 1221 4891 velocitatem
1232 4843 1369 4902 acquisitam
1379 4842 1405 4889 in
1415 4859 1444 4900 ec
