3202 5446
175 394 280 455 tasas
291 391 445 472 Morus]
496 388 738 456 PRINCIPIA
762 390 1133 461 MATHEMATICA.
1308 338 1315 358 ·
1426 407 1467 466 89

164 588 242 651 pora
264 566 327 632 sibi
345 580 458 631 mutuo
477 565 595 631 directe
618 566 833 645 occurrebant,
859 567 993 654 aequales
1019 591 1085 632 esse
1110 568 1295 633 mutationes
1319 579 1461 633 motuum

165 675 348 760 corporibus
362 675 397 737 in
412 685 517 759 partes
529 674 699 737 contrarias
713 673 817 751 illatae,
838 684 931 759 atque
950 674 1022 737 ideo
1046 676 1200 739 actionem
1215 688 1246 739 et
1270 676 1460 740 reactionem

164 803 285 866 sernper
300 805 367 845 esse
380 780 526 867 aequales.
572 781 619 846 Ut
633 782 658 843 si
673 802 785 864 corpus
803 780 999 845 Aincidebat
1010 781 1043 844 in
1057 803 1169 866 corpus
1182 783 1378 868 Bquiescens
1387 804 1458 846 cum

162 913 275 954 novem
290 889 433 974 partibus
447 900 559 965 motus,
581 899 612 951 et
626 888 745 952 amissis
760 899 876 972 septem
887 888 1027 972 partibus
1040 889 1191 976 pergebat
1215 901 1286 974 post
1309 890 1454 954 reflexio-

162 1021 232 1062 nem
248 1019 324 1061 cum
338 997 474 1073 duabus3
498 1018 610 1080 corpus
627 997 655 1061 B
671 995 824 1059 resiliebat
839 996 1063 1080 compartibus
1077 997 1141 1060 istis
1157 1009 1284 1081 septem.
1330 997 1364 1062 Si
1387 1018 1456 1060 cor·

162 1128 239 1190 pora
253 1105 382 1168 obviam
397 1104 494 1181 ibant,
511 1105 543 1168 A
558 1125 631 1166 cum
646 1103 811 1167 duodecim
825 1104 964 1186 partibus
979 1116 1010 1167 et
1026 1104 1054 1168 B
1069 1126 1141 1167 cum
1156 1126 1220 1182 sex,
1237 1117 1268 1168 et
1281 1103 1403 1167 redibat
1423 1107 1454 1170 A

163 1233 233 1276 cum
247 1211 372 1275 duabus
376 1235 386 1287 3
408 1209 532 1273 redibat
548 1211 662 1275 Bcum
675 1221 756 1287 octo,
772 1209 851 1273 facti
867 1210 1057 1274 detractione
1070 1211 1207 1295 partium
1222 1211 1455 1297 quatuordecim

163 1321 318 1406 utrinque.
363 1319 420 1383 De
431 1329 520 1380 motu
533 1317 630 1401 ipsius
646 1318 675 1380 A
688 1316 899 1381 subducantur
913 1330 1016 1402 partes
1031 1316 1197 1382 duodecim
1212 1331 1243 1382 et
1267 1318 1394 1382 restabit
1407 1319 1457 1382 ni·

164 1427 219 1490 bil:
254 1425 472 1490 subducantur
497 1425 566 1488 alioe
591 1437 695 1508 partes
724 1423 806 1503 duat,
832 1436 863 1487 et
887 1425 941 1488 fiet
966 1438 1069 1488 motus
1104 1423 1237 1489 duarum
1259 1426 1394 1509 partium
1422 1426 1456 1490 in

163 1534 288 1622 plagam
302 1533 512 1597 contrariam:
536 1543 567 1594 et
587 1532 631 1594 sic
645 1531 685 1594 de
704 1542 792 1594 motu
815 1532 954 1615 corporis
979 1532 1008 1596 B
1033 1532 1168 1616 partium
1183 1555 1239 1596 sex
1254 1532 1455 1597 subducendo

164 1653 268 1725 partes
282 1638 531 1726 quatuordecim,
555 1638 633 1701 fient
658 1650 762 1722 partes
781 1651 853 1701 octo
867 1639 900 1701 in
921 1637 1047 1725 plagam
1061 1639 1258 1702 contrariam.
1308 1639 1404 1716 Quod
1430 1640 1456 1704 si

167 1769 301 1832 corpora
313 1747 397 1810 ibant
411 1745 452 1809 ad
462 1744 593 1808 eandem
607 1745 743 1833 plagam,
759 1746 791 1809 A
806 1745 943 1808 velocius
957 1766 1029 1808 cum
1051 1746 1190 1830 partibus
1210 1746 1453 1831 quatuordecim.

167 1865 199 1918 et
213 1855 244 1919 B
264 1853 378 1916 tardius
391 1875 462 1916 crun
477 1852 616 1937 partibus
631 1854 778 1940 quinque,
806 1864 837 1916 et
851 1865 921 1937 post
943 1853 1143 1917 reflexionem
1164 1854 1357 1941 pergebatA
1383 1877 1454 1918 curn

166 1963 305 2048 quinque
319 1961 475 2045 partibus3
497 1961 648 2049 pergebat
675 1961 703 2025 B
719 1982 790 2023 cum
805 1960 1049 2046 quatuordecim,
1075 1960 1157 2025 facta
1170 1961 1369 2025 translatione
1382 1983 1454 2046 par·

164 2071 245 2132 tinrn
258 2091 369 2132 novem
380 2068 420 2132 de
436 2070 467 2133 A
479 2068 512 2130 in
528 2068 567 2132 B.
613 2067 656 2132 Et
670 2068 713 2131 sic
727 2068 761 2130 in
776 2068 911 2154 reliquis.
956 2069 986 2132 A
998 2090 1164 2157 congressu
1175 2081 1206 2133 et
1216 2069 1374 2134 collisione
1385 2090 1453 2132 cor·

161 2199 276 2263 porum
289 2198 451 2262 nunquam
460 2175 639 2239 mutabatur
654 2176 807 2261 quantitas
820 2193 933 2255 motus,
948 2198 1020 2263 quae
1035 2199 1075 2240 ex
1089 2175 1208 2240 summi
1223 2188 1365 2240 motuum
1379 2199 1455 2240 con·

158 2285 345 2370 spirantium
360 2296 392 2347 et
405 2282 580 2347 differentiis
595 2283 822 2347 contrariomm
837 2284 1050 2373 colligebatur.
1106 2285 1190 2349 Nam
1204 2306 1342 2348 errorem
1364 2283 1454 2372 digiti

152 2394 249 2457 unius
264 2390 434 2455 etalterius
449 2390 481 2452 in
496 2390 647 2468 mensuris
670 2390 832 2454 tribuerim
846 2391 1019 2455 difficultati
1043 2390 1213 2478 peragendi
1238 2391 1359 2479 singula
1382 2392 1453 2454 satis

151 2497 311 2565 accurate.
357 2497 584 2574 Difficileerat,
602 2509 668 2561 tum
682 2496 820 2582 pendula
834 2498 925 2562 simul
940 2497 1102 2562 demittere
1116 2498 1169 2577 sic,
1185 2509 1221 2562 ut
1229 2520 1362 2583 corpora
1375 2499 1408 2561 in
1419 2522 1452 2563 se

151 2620 266 2672 mutuo
281 2604 495 2692 impingerent
509 2605 542 2667 in
556 2604 629 2669 loco
655 2605 766 2669 infimo
785 2606 812 2668 A
830 2606 873 2682 133
896 2619 963 2669 tum
988 2606 1096 2684 locas,
1122 2607 1144 2669 k
1170 2618 1288 2684 notare,
1316 2606 1357 2669 ad
1382 2629 1453 2692 quae

156 2737 291 2802 corpora
306 2713 515 2778 ascendebant
529 2726 600 2797 post
613 2734 807 2777 concursum.
854 2714 917 2779 Sed
932 2725 963 2777 et
976 2715 1010 2776 in
1025 2715 1099 2799 ipsis
1113 2714 1294 2798 corporibus
1308 2712 1452 2798 pendulis

158 2823 320 2911 inaerpralis
333 2821 471 2906 partium
486 2820 632 2898 densitas,
649 2832 681 2884 et
694 2832 819 2884 textura
832 2821 899 2884 aliis
910 2821 950 2884 de
958 2821 1057 2885 causis
1068 2821 1255 2908 irregularis,
1272 2843 1392 2885 errores
1403 2821 1451 2885 iu-

164 2931 327 2996 ducebant.

201 3040 305 3104 Porro
319 3059 362 3100 ne
377 3036 446 3123 quis
461 3035 586 3120 objiciat
601 3035 751 3123 regulam,
768 3036 808 3099 ad
824 3059 917 3122 quam
931 3037 1126 3122 probandam
1149 3037 1309 3111 inventum
1325 3049 1372 3100 est
1388 3036 1451 3100 hoe

170 3146 421 3231 experimentum,
437 3165 681 3227 proesupponere
696 3165 828 3227 corpora
843 3144 891 3207 vel
914 3142 1056 3208 absolute
1075 3142 1154 3208 dura
1169 3166 1246 3220 csse,
1272 3143 1322 3206 vel
1342 3144 1451 3207 saltem

171 3250 292 3336 perfecte
308 3250 446 3326 elastica,
464 3249 638 3335 cujusmodi
653 3250 741 3313 nulla
755 3252 953 3335 reperiuntur
968 3253 1000 3315 in
1012 3250 1287 3336 compositionibus
1303 3251 1452 3315 naturali·

173 3359 236 3437 bus;
257 3359 297 3447 (θ)
315 3357 401 3422 addo
416 3357 500 3442 quod
527 3358 741 3442 experimenta
759 3359 825 3443 jam
840 3358 996 3444 descripta
1019 3359 1190 3422 succedunt
1211 3358 1245 3420 in
1270 3358 1452 3443 corporibus

174 3468 305 3531 mollibus
321 3487 412 3550 aeque
427 3486 464 3527 ac
482 3465 514 3527 in
530 3464 627 3542 duris,
644 3465 791 3528 nimirum
806 3490 824 3528 a
839 3466 1016 3530 conditione
1031 3465 1156 3529 duritiei
1181 3466 1359 3551 neutiquam
1375 3488 1457 3550 pen·.

174 3576 272 3641 dantia
320 3573 406 3638 Nam
421 3574 448 3636 si
462 3573 570 3661 regula
585 3574 638 3637 illa
652 3575 684 3637 in
699 3576 881 3659 corporibus
901 3599 965 3640 non
979 3573 1115 3661 perfecte
1130 3572 1216 3637 duris
1232 3572 1381 3637 tentanda
1395 3585 1451 3650 est,

171 3741 360 3800 battuerentur
369 3738 498 3787 suoeoedre
508 3740 675 3788 retardationes
686 3741 790 3794 secundi.
824 3741 977 3790 commus&
988 3756 1060 3804 quem
1071 3755 1155 3800 corpus
1169 3739 1199 3794 A,
1213 3735 1304 3786 sublati
1317 3736 1375 3784 sie'ris
1387 3739 1452 3783 rasis.

108 3858 110 3875 ¹
175 3807 424 3915 “ll'‘'fi'mnii
434 3803 793 3918 aaaffiafflrffl
824 3801 1452 3918 ³²⁰⁶{tmllt‘tlffllt‘tatb30mttlttt

175 3873 596 3995 fflbffxlfflumfflaequbu
604 3886 793 3996 eiurliodemp
825 3888 908 3982 idfiblro
920 3887 951 3990 A,
971 3950 1023 3982 eam
1039 3935 1134 3980 haberet
1152 3882 1299 3978 velocitatenrii
1313 3881 1453 3992 qudpposset

175 4001 248 4075 ῥᾴω
257 3998 422 4074 retardatione,
438 4009 462 4044 et
477 3998 509 4044 sic
520 3998 636 4060 deinceps,
648 4015 729 4046 omnes
740 3999 794 4075 verb
826 4013 913 4077 arcum,
922 4002 943 4047 A
956 4009 979 4076 ι.
989 3996 1135 4073 ascendendo
1150 3995 1279 4072 describere
1296 3992 1358 4060 (91),
1371 4004 1395 4042 st
1405 3997 1452 4080 qui

174 4063 320 4177 w
320 4077 443 4175 ¹12³?er
437 4079 460 4172 l
458 4060 742 4189 lsstlttttttltltss
746 4074 795 4190 332¹
825 4059 1451 4190 ttetffllttttsstltttttlffilaltt

174 4195 227 4241 nior
236 4208 304 4241 acus
323 4193 341 4239 8
355 4192 385 4246 Δ.
397 4206 469 4244 seur,
479 4190 627 4251 obtinebitun
636 4192 793 4253 perapproxi·
825 4194 855 4240 ad
866 4211 884 4248 a,
897 4209 949 4240 eam
960 4191 1066 4239 hebetia
1079 4192 1102 4237 A
1112 4189 1263 4242 velocitatem,
1275 4185 1323 4249 qui
1333 4187 1359 4234 in
1375 4189 1453 4236 medio
1471 4188 1475 4201 '

174 4293 290 4338 mimam
306 4299 386 4336 sutem
398 4286 530 4334 invenietur
540 4289 636 4351 aqualia
649 4253 794 4379 Ῑέἕζμυ.
826 4251 1454 4386 ⁰⁰?d359igenptjzggrillidrildiddrmiracimmum

174 4399 328 4458 maioque
342 4396 365 4443 tt
379 4393 598 4456 anualisquarta
608 4390 732 4454 particum
743 4391 795 4453 ejus
825 4387 850 4433 in
862 4386 996 4448 corporibus
1012 4383 1123 4431 mollibus
1134 4392 1157 4429 et
1168 4396 1216 4427 non
1227 4380 1327 4428 eleaticis
1345 4381 1412 4443 saque
1426 4399 1453 4429 ac

175 4464 257 4509 tadu
272 4460 347 4508 totius
363 4458 524 4506 retardationis
536 4455 561 4505 n
572 4459 603 4511 V,
620 4455 743 4514 retardatio
753 4470 795 4516 per
826 4451 851 4498 in
863 4450 928 4497 duris
938 4460 963 4498 et
972 4449 1077 4503 eleaticis,
1091 4459 1118 4494 ut
1128 4444 1205 4506 potd‘r
1215 4445 1349 4492 conditione
1360 4445 1453 4494 duritiei

175 4541 244 4573 troam
256 4528 273 4573 S
288 4528 310 4572 A
327 4525 371 4571 erit
382 4523 480 4585 equalis
492 4523 509 4569 S
521 4524 543 4569 T
554 4531 643 4583 quarta
652 4521 712 4580 parti
723 4520 796 4566 totius
827 4526 849 4563 et
863 4514 1010 4565 elasticitatis.
1023 4512 1064 4559 sed
1075 4523 1167 4559 tantum
1176 4511 1206 4557 ab
1216 4509 1314 4557 actionis
1325 4519 1349 4557 et
1357 4509 1453 4557 rerctlo-

176 4590 323 4637 trterdationis
333 4590 356 4636 R
365 4589 395 4645 V,
404 4585 505 4650 ideoque
512 4585 581 4633 cadat
588 4600 673 4645 corpus
680 4600 709 4630 ex
718 4599 793 4643 punc.
825 4581 862 4627 nis
873 4579 1006 4643 equalitate
1016 4589 1040 4625 ct
1050 4574 1196 4637 oppositione
1206 4574 1342 4636 pendentis;
1368 4587 1423 4649 nam
1434 4575 1452 4621 ai

176 4657 225 4706 ³8,
236 4657 287 4717 ejus
304 4654 411 4702 celeritas
429 4653 454 4699 in
474 4653 497 4699 A
516 4650 598 4698 eadem
613 4660 648 4695 est
658 4648 707 4695 sine
717 4663 794 4695 errore
826 4644 908 4707 regula
924 4643 1000 4691 illsin
1019 4641 1154 4702 corporibus
1175 4655 1222 4687 non
1234 4637 1334 4700 perfecte
1356 4637 1455 4685 elasucis

177 4720 272 4773 nubili.
283 4735 311 4766 ac
322 4719 341 4765 si
352 4718 377 4764 in
389 4731 465 4765 vacuo
475 4715 599 4762 decidisset
611 4729 639 4760 er
652 4713 681 4760 T.
828 4707 940 4756 tentanda
950 4717 990 4761 est,
1003 4717 1067 4754 uter
1076 4706 1180 4766 ipsorum
1188 4705 1289 4752 motibus
1297 4700 1352 4749 ante
1359 4700 1454 4749 conflic-

203 4786 232 4845 (‘)
248 4790 285 4834 95.
306 4794 321 4838 t,
342 4781 393 4847 (lig.
418 4780 518 4841 Nersa),
537 4780 582 4827 erit
602 4779 668 4827 locus
685 4793 752 4824 verus
773 4786 797 4824 et
829 4787 881 4820 tum
893 4774 1042 4821 int'eniantur
1052 4782 1131 4818 motus
1141 4780 1193 4833 post
1210 4767 1349 4822 conflictum,
1362 4764 1454 4814 debebit

789 4859 836 4906 Cl
