3202 5446
229 461 291 516 360
528 449 868 518 PHILOSOPHIAE
891 452 1164 520 NATURALIS
1229 450 1339 534 [Mor.
1355 448 1516 521 &neos

225 648 282 710 per
296 627 559 710 compositionem,
576 627 657 690 vires
672 640 806 691 totarum
821 628 1055 712 superficierum
1078 626 1300 712 sphaericsrum
1324 626 1359 691 iu
1381 645 1514 715 corpus·

224 734 294 799 cula
308 735 453 799 exercitae
467 746 559 799 erunt
573 734 606 797 in
621 733 729 800 eidem
744 736 873 800 ratione.
918 737 960 812 Q.
976 759 1004 800 e.
1019 736 1050 800 d.

387 1019 669 1087 PROPOSITIO
692 1020 842 1087 LXXII.
885 1019 1155 1087 THEOREMA
1179 1020 1336 1087 XXXII.

221 1194 256 1257 si
269 1195 312 1256 ad
325 1194 447 1276 spirarae
461 1192 582 1280 crp‘rmrffis
591 1203 703 1276 prendo
717 1195 834 1278 singula
848 1197 972 1259 tendant
987 1197 1063 1260 uires
1077 1198 1203 1280 aquales
1221 1199 1394 1280 ceutripetae
1410 1198 1511 1263 dm·

262 1310 369 1364 scentes
383 1302 415 1363 irs
430 1299 582 1384 duplicatd
597 1302 713 1364 ratione
726 1303 935 1365 distantiarum
949 1326 970 1365 a
980 1307 1119 1386 punctim
1143 1307 1279 1368 ardetur
1298 1313 1359 1368 tuas
1382 1307 1511 1389 splaerae

260 1409 402 1484 densitas,
417 1418 476 1471 teon
490 1410 571 1470 ratio
585 1409 725 1471 diametri
737 1408 861 1490 sphera
873 1410 916 1471 ad
929 1410 1103 1473 distantiam
1113 1411 1278 1493 carpsaerdi
1284 1433 1305 1473 a
1314 1421 1416 1475 centro
1425 1410 1508 1496 ejas:

261 1516 327 1577 dico
340 1518 418 1599 quod
431 1516 475 1579 uis
489 1513 548 1599 qud
562 1517 756 1598 corpusculum
771 1516 945 1594 attrahitis,
962 1519 1199 1601 proportionalis
1212 1519 1271 1583 erit
1290 1520 1509 1584 semidiametro

260 1624 392 1705 spuma.

261 1795 345 1859 Nam
360 1794 488 1880 concipe
502 1793 686 1878 corpuscula
699 1793 764 1857 duo
779 1793 907 1857 seorsim
919 1816 938 1857 a
950 1795 988 1877 (³)
999 1793 1129 1878 sphoeris
1138 1795 1259 1861 duabus
1271 1796 1395 1874 atunhi,
1407 1818 1509 1865 unm

217 1900 257 1968 ab
272 1902 333 1967 uni
349 1915 380 1967 et
395 1903 525 1966 alterum
540 1903 580 1966 ab
595 1901 701 1980 alteri,
717 1917 750 1966 et
764 1902 923 1965 distantias
937 1923 1046 1965 eorum
1060 1926 1080 1966 a
1094 1903 1286 1987 sphaerarum
1301 1907 1419 1972 centris
1432 1929 1509 1992 pso·

134 2006 139 2017 '
216 2010 404 2101 portionales
419 2032 487 2072 esse
502 2008 659 2072 diametris
675 2009 865 2093 sphaerarum
881 2009 1218 2096 respectivesphaeras
1233 2025 1336 2077 autem
1347 2014 1463 2079 resolvi
1473 2015 1508 2080 in

216 2119 382 2204 particulas
398 2119 512 2183 similes
527 2134 559 2183 et
573 2118 712 2183 similiter
726 2121 842 2203 positus
857 2119 897 2182 ad
912 2119 1105 2203 corpuscula.
1151 2121 1194 2185 Et
1215 2123 1414 2188 attractiones
1435 2146 1508 2189 oos-

216 2230 336 2315 pusculi
351 2229 452 2305 unius,
468 2227 558 2292 factae
573 2250 680 2290 versus
696 2228 832 2315 singulas
847 2227 1014 2312 particulas
1029 2228 1162 2312 sphaerae
1178 2231 1278 2308 unius,
1295 2242 1388 2294 ernnt
1400 2231 1444 2297 nd
1457 2246 1509 2298 stt·

217 2337 383 2400 tractiones
398 2334 523 2399 alterius
540 2356 644 2398 versus
660 2334 805 2420 analogns
821 2335 948 2398 totidem
971 2336 1137 2419 particulas
1159 2335 1290 2420 sphoeroe
1310 2336 1450 2418 alterius,
1473 2341 1509 2405 in

216 2439 511 2523 rationecompositi
522 2461 561 2502 ex
573 2439 691 2505 ratione
701 2440 920 2523 particularum
930 2439 1046 2504 directe
1052 2454 1084 2504 et
1093 2441 1211 2505 ratione
1220 2441 1375 2526 duplicati
1383 2443 1509 2511 dersa-

217 2553 329 2618 tiarum
339 2550 469 2614 inverse.
494 2549 556 2615 Sed
571 2549 731 2634 particula
747 2563 818 2614 suut
834 2563 868 2614 ut
882 2550 1023 2634 sphaerae,
1036 2549 1097 2613 hoe
1106 2562 1163 2627 est,
1176 2551 1208 2614 in
1219 2552 1339 2616 ratione
1348 2553 1508 2638 tripliestfi

217 2660 448 2736 diametrorum,
462 2672 492 2723 et
507 2658 661 2723 distantior
677 2674 747 2724 sunt
762 2673 797 2723 ut
811 2659 970 2736 diametri3
986 2674 1018 2723 et
1032 2661 1112 2724 ratio
1125 2662 1212 2745 prior
1226 2661 1343 2727 directe
1358 2663 1423 2729 unii
1432 2688 1508 2731 cum

216 2771 334 2834 ratione
344 2769 516 2854 posteriore
530 2768 577 2832 bis
592 2767 712 2832 inverse
727 2781 774 2833 est
789 2769 866 2831 ratio
881 2768 1024 2831 diametri
1039 2768 1079 2831 nd
1094 2768 1166 2832 dian
1179 2781 1291 2833 etrum.
1329 2772 1372 2848 Q.
1387 2795 1417 2837 e.
1433 2773 1466 2838 d.

261 2883 357 2945 Corol.
377 2889 403 2944 1.
422 2881 509 2944 Hinc
524 2880 548 2942 si
563 2879 745 2963 corpuscula
759 2879 790 2941 in
801 2877 932 2955 circulis,
945 2878 1026 2941 circa
1036 2878 1174 2962 sphaeras
1186 2901 1225 2942 ex
1238 2880 1365 2944 meteriis
1375 2883 1507 2968 equali-

216 3002 262 3054 ter
274 2992 431 3056 attraetitit
442 3005 626 3066 constantes,
636 2989 846 3064 revolvantur3
862 2989 984 3073 sintque
995 2989 1297 3053 distantiaeaeentris
1307 2990 1506 3074 sphaerarum

215 3097 461 3181 proportionales
477 3095 655 3159 eurumdem
670 3094 844 3158 diametris:
862 3094 1020 3177 Tempora
1034 3093 1192 3177 periodica
1207 3109 1298 3158 erunt
1315 3097 1460 3181 oequalis.

257 3206 353 3268 Corol.
370 3213 399 3268 2.
418 3205 459 3268 Et
485 3204 550 3266 vice
572 3202 671 3278 versi,
696 3203 721 3264 si
744 3217 884 3284 tempora
904 3200 1061 3284 periodica
1088 3215 1159 3264 sunt
1178 3202 1319 3287 aequalis,
1345 3203 1505 3273 durande

214 3325 306 3375 erunt
320 3310 567 3396 proportionales
582 3310 750 3377 diametris.
797 3310 950 3374 Constant
964 3308 1031 3373 haec
1054 3309 1117 3372 duo
1138 3332 1196 3394 per
1219 3311 1325 3377 Corol.
1349 3323 1379 3379 8.
1404 3315 1503 3404 Prop.

216 3416 274 3482 lV.

259 3528 355 3590 Corol.
373 3536 403 3590 3.
427 3526 460 3589 Si
482 3525 521 3589 ad
544 3524 714 3588 solidorum
737 3524 869 3590 duorum
896 3525 1082 3609 quorumvis,
1111 3526 1255 3590 similium
1280 3540 1313 3592 ot
1338 3532 1498 3616 aequalitet

213 3635 392 3713 densorum,
408 3649 522 3720 puncta
539 3634 659 3719 singula
675 3633 803 3701 tendunt
818 3634 898 3697 vires
921 3633 1055 3718 aequales
1078 3636 1258 3719 centripetae
1282 3636 1500 3708 decrescentes

129 3797 134 3809 .
213 3746 245 3808 in
261 3744 415 3829 duplicati
431 3744 548 3808 ratione
564 3743 777 3805 distantiarum
794 3764 813 3804 a
833 3741 974 3825 punctis;
997 3741 1086 3819 vires,
1110 3743 1222 3827 quibus
1244 3747 1441 3829 corpuscula,
1459 3753 1499 3835 (⁸)

212 3851 253 3932 ael
268 3851 367 3915 solida
380 3851 433 3914 illa
448 3850 511 3915 duo
534 3849 673 3912 similiter
688 3849 757 3926 situ,
780 3847 973 3913 attrahentur
995 3849 1034 3911 ob
1057 3849 1175 3927 iisdem,
1192 3867 1284 3916 erunt
1305 3853 1347 3916 ad
1362 3855 1498 3923 invioem

213 3971 247 4022 ut
260 3957 401 4022 dmmotd
416 3955 595 4022 solidorum.

244 4149 280 4212 (Υ)
298 4154 312 4180 0
331 4150 549 4212 Aqsaerauaatas
557 4145 712 4208 homogeneis,
721 4146 835 4208 ejusdesn-
899 4150 954 4195 ⁵17.
974 4149 1094 4195 Soiols'sst.
1131 4146 1198 4194 Hinc
1216 4149 1234 4194 si
1252 4151 1388 4215 hujumodi
1406 4155 1496 4214 ψῃ

212 4230 259 4274 qus
268 4213 386 4261 densitatis
399 4211 432 4260 iu
448 4209 532 4272 nempe
550 4223 576 4257 ut
594 4213 637 4256 sub
655 4210 780 4271 muribus
797 4227 836 4257 vo-
867 4220 1023 4270 percontrutn
1033 4210 1168 4271 perimetur,
1187 4213 1285 4276 aqualis
1302 4226 1372 4264 nunt
1389 4227 1495 4280 tenspass

213 4278 340 4324 luminibus
359 4276 459 4340 :quales
476 4274 578 4322 materies
595 4274 733 4337 quantitates
750 4275 835 4335 ubique
867 4274 952 4330 omnis,
963 4274 1047 4336 quibus
1057 4289 1140 4334 corpus
1150 4276 1181 4322 de
1191 4275 1247 4322 locis
1256 4280 1375 4339 quibusvis
1392 4281 1425 4329 sd
1439 4299 1494 4331 aaa.

212 4343 380 4394 eootinesntur,
393 4341 461 4388 stris
470 4339 574 4388 absoluts
585 4339 700 4386 mariscus
708 4341 737 4385 sit
745 4353 835 4398 semper
866 4349 927 4384 trum
947 4354 1020 4399 nsque
1038 4337 1107 4388 osdit.
1127 4342 1179 4400 (pas
1192 4342 1244 4387 Cor.
1267 4348 1289 4388 2
1310 4342 1380 4404 Prop.
1398 4350 1451 4404 38.)
1471 4359 1495 4396 (a

212 4406 363 4492 usipusntitss
374 4405 481 4452 mstssioe.
865 4403 1054 4462 corpusculorum
1066 4404 1089 4448 in
1101 4403 1232 4465 hujusmodi
1252 4407 1340 4465 sphaeri
1358 4423 1400 4468 pu
1419 4413 1494 4471 quei,

242 4468 310 4532 ()·
330 4473 368 4516 Ad
379 4473 447 4517 solida
460 4469 739 4517 maecenatiana
760 4464 792 4511 itti
808 4475 835 4512 nt
865 4466 937 4513 libers
955 4466 1052 4512 minima
1069 4466 1235 4514 revolventium
1253 4480 1357 4530 tempora
1376 4476 1494 4534 μήοάὲη

210 4533 324 4579 distantia
339 4533 527 4596 mrpuseulosutn
546 4547 561 4579 s
578 4532 691 4578 similibus
707 4530 833 4577 solidorum
864 4540 934 4576 erunt
949 4531 1046 4591 nquslis
1066 4533 1117 4592 (per
1130 4533 1183 4577 Cor.
1198 4539 1220 4578 8.
1237 4531 1306 4594 Prop.
1320 4537 1358 4597 4.)
1374 4549 1445 4601 etque
1460 4540 1492 4587 «Ι

209 4597 310 4644 dirorum
321 4599 438 4658 particulis
448 4599 493 4646 sint
504 4608 530 4645 ttt
546 4611 626 4644 mmm
642 4594 768 4642 solidorum
783 4594 832 4642 dis·
864 4595 934 4655 hujus
944 4594 1034 4656 genens
1049 4595 1160 4654 spheram
1177 4597 1292 4656 perurant
1308 4613 1362 4660 quc
1379 4601 1404 4648 in
1416 4604 1489 4665 Psop.

210 4662 283 4711 messi.
865 4663 903 4706 51.
918 4664 955 4706 5¹2.
970 4659 1084 4721 hujusque
1097 4658 1470 4717 Corollssiisdrmonstrstssuns.
