3188 5444
150 446 187 502 16
458 438 797 507 PHILOSOPHIAE
822 438 1101 504 NATURALIS.
1193 438 1341 500 [Axron.
1365 452 1438 496 ster

147 622 242 686 atrice
262 623 497 707 determinatur)
532 627 557 688 si
579 647 692 708 corpus
713 635 805 688 autea
826 624 1016 701 movebatur,
1039 624 1137 686 motui
1159 624 1223 707 ejus
1245 620 1293 684 vel
1316 619 1439 703 conspi-

147 730 227 792 ranti
249 730 382 809 additur,
405 732 454 795 vel
476 733 631 795 contrario
653 730 847 809 subducitur,
867 731 914 793 vel
938 731 1064 816 obliquo
1086 727 1210 814 oblique
1231 726 1384 811 adjicitur,
1408 740 1439 788 et

148 857 219 899 cum
234 858 272 900 eo
283 837 452 901 secundtlm
474 838 633 924 utriusque
652 834 943 901 determinationem
951 837 1157 919 componitur.

668 1139 716 1224 (¹)
740 1138 836 1203 anx
859 1138 923 1204 111.

155 1345 272 1407 Actionr'
285 1345 464 1423 contrariom
478 1364 590 1425 semper
603 1353 632 1406 et
645 1345 785 1427 aqualem
799 1364 858 1406 esse
871 1342 1061 1405 reo'ctsbnem:
1083 1343 1143 1405 sice
1156 1362 1306 1424 cuparum
1317 1343 1438 1403 duorum

214 1452 342 1513 actiones
357 1453 390 1511 in
403 1470 434 1511 se
446 1458 544 1511 mutuo
557 1471 669 1531 semper
682 1471 741 1513 esse
753 1451 880 1533 aquales
894 1458 923 1512 et
937 1451 969 1511 in
979 1458 1084 1530 portes
1097 1450 1264 1510 contrarios
1277 1448 1382 1531 dirigi.

195 1639 350 1727 Quicquid
373 1639 486 1724 premit
500 1639 549 1703 vel
571 1639 666 1704 trahit
680 1639 820 1717 alterum,
845 1638 1026 1703 tantundem
1041 1637 1080 1701 ab
1095 1659 1133 1701 eo
1147 1637 1298 1721 premitur
1311 1635 1361 1702 rel
1377 1647 1440 1701 tru-

152 1748 244 1818 hitur.
290 1750 323 1815 Si
338 1749 405 1834 quis
420 1746 555 1830 lapidem
576 1746 674 1835 digito
699 1748 821 1832 premit,
844 1747 994 1832 premitur
1009 1758 1039 1809 et
1060 1745 1150 1830 hujus
1165 1744 1278 1832 digitus
1293 1769 1312 1809 u
1325 1745 1439 1829 lapide.

153 1859 186 1922 Si
202 1880 300 1943 equus
314 1855 448 1941 lapidem
460 1853 526 1916 funi
550 1852 710 1941 alligatum
731 1853 835 1931 trahit,
859 1853 1032 1916 retrahetur
1054 1853 1146 1915 etiam
1169 1867 1201 1914 et
1223 1874 1319 1938 equus
1335 1857 1383 1938 (ut
1397 1852 1441 1914 ite

152 1959 265 2037 dicam)
287 1959 446 2046 aequaliter
470 1959 503 2022 in
526 1959 678 2045 lapidem:
701 1982 773 2024 nam
796 1959 878 2023 funis
892 1960 1036 2045 utrinque
1051 1959 1199 2022 distentus
1214 1957 1321 2021 eodem
1337 1958 1441 2022 relax·

152 2065 225 2129 andi
240 2089 273 2129 se
287 2078 400 2129 conatu
414 2066 536 2152 urgebit
551 2089 665 2152 equum
686 2089 791 2130 versus
811 2066 956 2151 lapidem,
980 2089 1016 2128 ac
1038 2065 1172 2150 lapidem
1186 2087 1291 2128 versus
1306 2087 1421 2151 equum
1426 2089 1436 2142 3

152 2183 333 2257 tentumque
354 2170 502 2255 impediet
522 2194 719 2259 progressum
733 2175 824 2236 unius
838 2184 987 2259 quantum
1002 2185 1164 2256 promovet
1178 2194 1377 2259 progressum
1391 2171 1437 2237 al·

153 2279 256 2342 terius.
302 2278 336 2343 Si
361 2300 474 2363 eorpus
496 2278 621 2364 aliquod
643 2279 676 2341 in
690 2301 802 2365 corpus
823 2279 907 2344 aliud
922 2281 1105 2366 impingens,
1128 2291 1247 2342 motum
1262 2281 1326 2363 ejus
1340 2278 1440 2349 risui

153 2385 432 2473 quomodocunque
446 2387 619 2463 mutaverit,
639 2384 722 2449 idem
735 2410 858 2473 quoque
876 2387 1004 2450 vicissim
1020 2389 1051 2449 in
1067 2398 1154 2449 motu
1167 2386 1296 2471 proprio
1310 2385 1441 2450 eandem

153 2580 302 2636 gesserantm.
339 2572 373 2618 At
383 2571 403 2618 si
413 2571 448 2618 ris
464 2582 573 2621 constans
582 2575 696 2622 musana
707 2575 782 2624 direc-
846 2581 885 2624 27.
906 2574 1002 2623 Sublati
1012 2573 1083 2622 medii
1092 2572 1220 2621 resistendi
1230 2570 1255 2616 iu
1266 2579 1333 2617 terr·
1343 2566 1442 2623 viciniis,

154 2638 217 2684 tione
229 2636 253 2682 in
264 2651 348 2696 corpus
364 2645 456 2683 motum
473 2637 585 2686 mutinub
602 2650 671 2701 agat,
688 2641 782 2703 equali.
814 2641 888 2700 spatia
903 2656 956 2702 quae
972 2654 1056 2699 corpus
1072 2637 1086 2685 ὲ
1102 2637 1181 2699 quiete
1197 2632 1302 2682 cadendo
1320 2631 1442 2693 percurrit,

153 2703 199 2748 bus
215 2700 358 2761 temporibus
375 2700 474 2763 aqualis
489 2700 547 2749 fient
564 2703 687 2750 celeritatis
703 2705 783 2752 deere-
813 2715 869 2752 sunt
879 2714 907 2751 ut
916 2703 1027 2765 quadrata
1037 2714 1170 2763 temporum
1178 2699 1263 2762 quibus
1272 2708 1441 2771 percurruntur

154 2767 783 2895 'littttftststttttltttettitt
814 2801 876 2896 ,itt
891 2769 961 2895 3:¹3:
975 2765 1441 2899 'catelii‘ieilr’a‘il'i'iiiiiil

155 2909 210 2940 cens
221 2892 324 2956 quilibet
333 2892 356 2938 ri
367 2893 415 2940 sire
425 2895 539 2941 constanti
555 2896 603 2943 sive
613 2897 716 2943 variabili
727 2913 783 2944 con·
815 2906 933 2958 exponent
955 2907 1060 2954 ternpore
1081 2895 1165 2957 quibus
1187 2892 1348 2939 describuntur
1369 2901 1442 2949 specte

155 2955 222 3004 tinud
233 2966 350 3019 urgeatur,
365 2967 389 3004 et
399 2956 522 3005 deindeet
533 2959 649 3007 celeritate
666 2976 737 3024 quam
747 2962 782 3008 vis
817 2962 875 3018 SP,
895 2963 944 3021 Sp,
963 2960 1033 3017 st<;
1053 2969 1076 3006 et
1094 2960 1113 3006 C
1130 2959 1160 3013 L,
1176 2956 1216 3012 cl,
1237 2955 1257 3002 Β
1276 2954 1309 3007 Ι).
1327 2952 1357 2999 td
1375 2952 1440 3007 Tu,

155 3021 220 3068 illius
236 3021 327 3068 ardone
343 3022 454 3069 murinus
470 3024 596 3084 acquisivit,
614 3023 694 3072 corrui
707 3025 781 3072 direc-
816 3026 938 3079 mrmales,
951 3023 1074 3071 exhibeant
1084 3023 1211 3070 celeritates
1221 3017 1364 3078 temporibus
1376 3017 1399 3065 T
1412 3017 1441 3072 C,

154 3085 242 3132 tionem
253 3085 287 3130 vis
298 3084 361 3131 illius
441 3087 485 3133 ntis
496 3088 635 3150 projiciatur,
646 3099 675 3137 ut
685 3091 781 3152 vestigia
817 3090 870 3147 Tc,
885 3091 907 3137 Τ
918 3090 946 3140 B.
960 3089 1083 3149 perspitio
1095 3088 1112 3134 S
1125 3087 1153 3142 P,
1167 3086 1214 3142 sp:
1228 3084 1245 3130 S
1258 3083 1291 3139 K,
1303 3081 1440 3144 acquisifflt

154 3165 197 3196 sue
207 3149 300 3211 relegat,
312 3165 396 3210 corpus
406 3151 413 3196 i
433 3149 466 3197 ud
477 3151 500 3197 in
512 3152 546 3198 itu
557 3152 662 3200 etreditu
674 3169 717 3200 suo
728 3169 783 3200 ean-
815 3155 870 3216 quis
884 3154 908 3200 in
924 3165 990 3199 motu
1005 3152 1151 3198 uniformiter
1164 3149 1296 3203 accelerato,
1314 3145 1442 3193 celeritates

156 3213 210 3260 dem
220 3213 314 3260 habebit
324 3213 471 3267 celeritatem,
490 3216 530 3262 ubi
545 3216 576 3261 atl
586 3216 668 3263 adem
679 3218 722 3264 vire
733 3234 782 3264 sure
815 3229 870 3265 sunt
878 3228 905 3265 ut
912 3227 1021 3274 tempora,
1033 3216 1094 3278 (¹25).
1103 3216 1146 3261 erit
1154 3213 1216 3261 TC:
1230 3213 1314 3260 Tc:
1323 3210 1343 3257 C
1352 3209 1375 3257 L
1384 3228 1389 3256 :
1399 3208 1440 3265 cla

155 3288 249 3338 puncta,
268 3276 346 3324 eundo
357 3288 380 3324 et
391 3277 659 3340 redeundoperveuerit;
676 3281 781 3344 adeoque
815 3293 839 3330 et
856 3283 879 3330 T
891 3282 929 3330 C:
945 3281 967 3328 Τ
984 3281 1050 3328 B=
1065 3281 1084 3327 C
1104 3280 1144 3326 Lz
1160 3279 1181 3325 B
1202 3278 1234 3331 D,
1251 3274 1355 3335 ’‘Mill'‘
1370 3285 1440 3328 Μ’·

154 3352 246 3388 mutum
253 3341 372 3389 redeundo
380 3357 426 3389 uon
434 3344 530 3397 amittet,
539 3344 582 3390 uisi
591 3343 645 3391 ciam
652 3346 781 3406 pervenerit
817 3347 839 3395 T
856 3348 887 3399 D,
905 3345 986 3392 transit
1002 3359 1043 3405 per
1058 3354 1145 3404 puncta
1161 3343 1191 3397 L,
1211 3351 1234 3387 et
1249 3338 1265 3395 l,
1284 3349 1308 3385 et
1324 3337 1442 3399 triangula

155 3405 185 3452 ud
201 3416 317 3466 punctum
327 3421 355 3452 ex
367 3422 414 3468 quo
424 3407 493 3467 coepit
511 3408 589 3455 eundo
606 3409 708 3468 moreri;
726 3425 781 3457 nam
817 3415 839 3460 T
849 3413 869 3460 C
880 3411 909 3469 L,
922 3410 965 3457 'l'c
977 3408 992 3464 l,
1006 3409 1028 3456 T
1041 3409 1060 3455 B
1074 3408 1106 3463 D,
1118 3407 1200 3453 similia
1211 3413 1271 3451 sunt.
1298 3401 1355 3450 Jarn
1367 3401 1442 3464 tinga-

155 3469 236 3517 eadem
248 3470 282 3515 ris
298 3469 322 3515 in
340 3470 375 3516 itu
393 3480 416 3517 et
432 3471 508 3519 reditu
526 3473 633 3532 corporis,
653 3473 781 3536 equalibus
814 3494 867 3525 mus
878 3477 970 3531 lineam,
988 3472 1028 3529 cl,
1045 3482 1112 3518 motu
1123 3471 1164 3517 sibi
1176 3483 1266 3528 semper
1282 3464 1393 3526 parallelo
1408 3464 1441 3512 tu

155 3535 296 3594 temporibus
306 3534 406 3596 aquales
416 3535 538 3584 celeritatis
554 3537 641 3600 grudtu
650 3548 746 3601 generet
756 3550 780 3585 et
814 3541 922 3590 accedere
938 3541 967 3588 ad
984 3538 1069 3587 lineam
1089 3537 1108 3584 C
1122 3536 1149 3589 L.
1167 3543 1195 3581 ut
1210 3533 1302 3580 tandem
1318 3545 1375 3577 curn
1391 3528 1442 3590 ipsi

155 3598 271 3661 extinguit
282 3598 328 3660 (8).
814 3605 940 3662 coincidat3
952 3610 1101 3652 evanescente
1111 3596 1256 3660 tempuscula
1266 3596 1286 3643 C
1295 3610 1315 3648 c,
1328 3595 1439 3646 celeritas.

188 3669 226 3710 26.
243 3662 347 3722 Corpore
364 3663 443 3722 gmvie
459 3664 483 3710 in
495 3675 561 3713 terra
577 3666 672 3718 viciniis.
689 3665 780 3713 sabuti
814 3670 855 3727 cl,
872 3685 919 3717 non
935 3668 1027 3716 differet
1041 3684 1055 3715 a
1071 3664 1186 3715 celeritate
1198 3662 1218 3709 C
1230 3660 1261 3715 L,
1278 3656 1384 3720 'fletiqu‘
1399 3671 1441 3719 1³⁶¹

155 3726 226 3774 medii
236 3726 368 3781 resistentib
375 3736 439 3775 motu
451 3729 598 3776 uniformiter
608 3729 733 3778 accetaato
739 3730 780 3776 de-
814 3734 987 3794 tempusculum
994 3731 1084 3780 infinite
1091 3746 1188 3791 parrum
1195 3739 1238 3773 seu
1247 3737 1385 3771 erubescens
1393 3722 1414 3769 C
1418 3736 1439 3775 c,

155 3790 275 3845 scendunt,
296 3800 320 3837 at
335 3803 401 3838 motu
413 3791 560 3840 unifonniter
569 3794 684 3841 retardato
699 3810 778 3841 ascen-
814 3799 924 3850 ceterius,
944 3798 1007 3854 CL,
1024 3796 1148 3843 uniformis
1164 3791 1250 3840 censeri
1263 3798 1344 3851 potest·
1382 3786 1442 3833 Pon

155 3853 215 3901 dunt
223 3887 314 3901 ......
331 3855 503 3904 Demonstratio
515 3891 521 3903 .
532 3891 538 3903 .
548 3891 572 3904 ..
606 3858 701 3905 Sublati
708 3858 779 3905 medii
814 3862 840 3911 ιδ
851 3863 924 3924 spatia
939 3872 1004 3908 motu
1021 3860 1127 3923 aequabili
1144 3858 1257 3917 descripta
1267 3865 1322 3902 sunt
1338 3861 1365 3896 ut
1380 3850 1441 3896 cele·

155 3918 283 3966 Μῖίΐθῐῑῑῑῧ
303 3918 365 3966 idm
382 3929 419 3966 ‘³‘
437 3920 542 3982 ‘instem
563 3923 665 3983 corporis
680 3923 778 3983 pondus·
814 3928 869 3975 ritas
886 3927 910 3973 in
930 3936 1022 3985 tempus
1040 3925 1110 3971 ducta
1127 3923 1173 3986 (⁵).
1193 3919 1250 3984 ergd
1265 3918 1365 3980 spatium
1384 3913 1440 3977 PF»

155 3983 202 4030 sive
214 3982 295 4030 erdem
314 3983 378 4030 illius
387 3983 413 4030 in
429 3985 559 4047 subjectum
578 3986 674 4046 planum
686 3987 779 4047 pressio,
814 3990 877 4054 quod
888 3989 1042 4050 tempuscula,
1056 3990 1107 4044 Cc,
1120 3987 1221 4047 percurri
1233 3984 1393 4045 supponimus,
1405 3991 1441 4028 est

154 4047 242 4094 camin
253 4047 343 4101 vertice,
355 4048 529 4096 tuminredicc
539 4051 640 4108 montis;
657 4060 691 4097 est
702 4060 780 4099 autem
815 4066 842 4103 ut
857 4053 1027 4116 rectsngulum
1046 4054 1066 4100 C
1080 4053 1101 4098 L
1115 4060 1139 4109 χ
1155 4051 1244 4099 Cc=
1259 4048 1321 4103 eds
1338 4044 1442 4107 (ΡΜμὶ

154 4111 253 4171 P⁰¹¹d¹¹¹s
265 4112 349 4159 stud!
359 4112 443 4159 moiri!
454 4114 508 4178 (1⁵)
520 4125 548 4162 ut
558 4114 720 4161 multtum
728 4131 776 4177 gra·
815 4130 890 4167 totum
901 4129 1000 4177 tempus,
1014 4118 1036 4165 Τ
1049 4118 1076 4171 C,
1088 4118 1113 4162 iu
1124 4113 1269 4176 tempuscula
1279 4113 1403 4158 innumere
1413 4121 1442 4156 ut

155 4175 231 4222 vitatis
241 4176 423 4224 socelerctricem
434 4176 519 4225 ducta:
538 4176 595 4254 ergtl
609 4193 664 4225 cum
676 4182 781 4241 ejusdem
817 4185 868 4236 Cc.
888 4184 987 4230 divisum
1002 4181 1152 4241 concipietur,
1172 4190 1196 4227 et
1214 4177 1320 4224 similiter
1337 4175 1441 4235 spatium

154 4240 256 4298 corporis
275 4255 352 4288 masse
372 4240 454 4287 eedem
472 4242 497 4288 iu
517 4253 602 4289 rauce
620 4252 644 4289 et
660 4242 686 4288 in
704 4242 781 4290 radice
817 4249 872 4305 SP,
883 4246 1017 4306 ternpore'l'
1028 4246 1055 4301 C,
1064 4260 1197 4305 percussum
1207 4242 1230 4288 in
1237 4241 1334 4288 totidetn
1342 4237 1443 4298 spatiola

154 4303 240 4349 montis
265 4315 405 4363 manui.
424 4306 526 4353 mabit
550 4306 622 4353 etim
645 4305 726 4353 tndem
747 4308 781 4353 vis
815 4312 980 4365 evanescentis,
992 4301 1441 4372 singulistempuseuliseorresponden·

153 4367 300 4414 seminatrix
315 4369 440 4430 gmvitetis.
475 4371 573 4432 lustrper
589 4385 686 4431 corpora
701 4371 781 4432 gravia
815 4379 877 4424 tibus
888 4391 995 4437 percursa
1010 4375 1133 4429 dividetur,
1150 4373 1193 4419 erit
1209 4385 1300 4416 summa
1317 4380 1442 4429 rectanssu·

154 4431 179 4477 in
189 4431 300 4479 culiceet
311 4434 395 4480 vertite
405 4434 675 4496 montisoequsliaspetia
685 4434 781 4495 oequsli-
815 4440 891 4488 lorum
910 4441 930 4488 C
945 4439 969 4495 tl,
989 4441 1032 4486 boc
1048 4450 1081 4487 est
1099 4454 1150 4485 aree
1166 4434 1277 4496 trianguli
1295 4433 1318 4480 T
1330 4433 1350 4479 C
1364 4431 1393 4483 L.
1415 4440 1443 4476 ¹¹⁸

153 4497 198 4542 bus
208 4497 352 4555 temporibus
368 4509 514 4557 percurrunt,
526 4498 617 4546 sublati
635 4498 693 4546 atris
710 4500 781 4546 resis-
814 4521 906 4553 summa
917 4504 1066 4563 ‚putidorum
1082 4504 1133 4562 Pp,
1145 4500 1168 4547 id
1177 4509 1247 4547 estut
1259 4499 1312 4557 sz
1324 4507 1346 4541 et
1358 4494 1442 4541 eodm

153 4560 231 4613 lentii,
245 4570 272 4607 ut
283 4562 459 4609 ³tffl¹¹tlulml⁸
477 4573 559 4610 notum
574 4562 782 4623 ettffiwlmffltlt
814 4569 885 4617 modo
905 4569 1076 4615 dernenstrstnr
1096 4580 1172 4613 aream
1194 4563 1304 4617 trianguli
1325 4561 1348 4607 Τ
1367 4559 1388 4607 Β
1407 4559 1442 4614 Ι),

155 4625 225 4687 (13):
244 4635 351 4671 constans
361 4637 396 4672 est
406 4627 479 4689 igitur
488 4628 523 4674 ris
532 4627 687 4679 acceleratur,
706 4638 730 4674 et
740 4644 782 4687 pet
813 4650 863 4681 esce
872 4644 900 4681 ut
910 4633 1010 4694 spatium
1024 4634 1040 4680 S
1053 4633 1085 4683 K.
1098 4643 1201 4689 temporo
1213 4627 1235 4674 Τ
1248 4627 1277 4676 Β.
1295 4638 1441 4686 pereuntum.

153 4687 226 4736 line·
241 4687 273 4735 «1
294 4689 434 4738 nmmum
451 4690 653 4752 medicum
668 4691 707 4753 (ὅ)
724 4692 778 4738 unt
815 4698 1096 4762 ratgamtnagnum
1110 4694 1161 4742 rc
1176 4692 1214 4738 a:
1230 4691 1252 4738 r
1267 4691 1287 4737 a
1303 4691 1367 4736 u=
1379 4687 1439 4734 sm

152 4751 258 4800 formiter
269 4752 318 4815 egit
325 4770 333 4809 ;
393 4754 430 4801 ris
440 4753 497 4817 ergo
507 4765 574 4803 motu
581 4755 730 4804 uniformiter
739 4771 779 4803 se-
817 4764 834 4811 s
845 4763 876 4810 tt.
908 4763 953 4811 sed
965 4761 1135 4824 triangulorum
1146 4755 1257 4803 similium
1268 4769 1328 4802 aree
1340 4752 1364 4800 Τ
1376 4751 1397 4799 C
1411 4750 1441 4805 1,,

151 4816 251 4929 w
260 4815 328 4942 {etp
341 4828 448 4936 Quande?
457 4819 606 4868 uniformiter
616 4821 732 4870 meato
742 4836 779 4868 u·
817 4829 870 4877 ΤΒ
881 4829 913 4886 D,
925 4837 981 4875 sunt
990 4836 1018 4873 ut
1027 4821 1244 4888 quedrntsletemm
1253 4816 1442 4878 lsoruologomur.

229 4891 255 4928 nt
278 4886 327 4932 25.
367 4896 405 4929 ιε.
