3202 5446
64 472 179 543 Lara
195 471 359 553 Pauus]
418 472 660 541 PRINCIPIA
684 470 1055 538 MATHEMATICA.
1287 482 1350 540 365

60 657 120 736 vis,
136 653 197 743 quai
213 654 325 719 harum
339 677 403 717 una
417 652 550 719 attrahet
564 654 702 730 alteram,
719 653 778 716 erit
792 654 969 730 etiamnum,
985 674 1044 736 per
1063 665 1280 739 argumentum
1301 677 1351 717 su·

58 767 177 853 perias,
194 764 227 826 in
242 761 351 827 eidem
366 761 417 825 illi
433 762 588 826 distantiae
603 761 763 847 quadratae
778 760 898 824 ratione
911 758 1046 824 inversa.
1091 759 1133 835 Q.
1150 783 1177 824 e.
1193 759 1226 828 d.

109 874 206 938 Corol.
226 880 254 936 1.
279 870 368 934 Hinc
383 871 409 935 si
424 866 577 955 ej'usmodi
592 869 725 954 spbaerae
740 870 916 954 complures
936 869 996 934 sibi
1018 870 1149 932 invicem
1168 893 1226 954 per
1248 871 1352 935 omnia

61 981 189 1058 similes,
206 1001 239 1044 se
253 976 364 1043 mutuo
378 978 525 1055 trahant3
547 978 746 1044 attractiones
767 979 997 1044 acceleratricos
1020 979 1212 1066 singularum
1234 981 1267 1043 in
1289 981 1353 1044 sin·

59 1091 151 1179 gulas
166 1102 267 1166 erunt,
283 1088 317 1151 in
331 1087 503 1173 equalibus
520 1087 680 1174 quibusvis
695 1102 873 1152 centrorum
888 1088 1050 1167 distantiis,
1066 1103 1102 1154 ut
1117 1089 1352 1175 spbaeroeattra·

58 1199 183 1264 hentes.

106 1307 145 1395 (l)
170 1309 267 1374 Cerei.
283 1313 314 1371 2.
337 1307 439 1394 Inque
454 1306 607 1370 distantiis
629 1305 789 1392 quibusvis
811 1306 1025 1392 inaequalibus,
1049 1319 1085 1371 ut
1105 1307 1239 1393 sphaerae
1258 1319 1352 1373 attra-

62 1417 174 1483 hentes
189 1417 351 1503 applicatoe
366 1415 405 1480 ad
421 1415 572 1501 quadrata
585 1415 801 1479 distantiarum
815 1416 898 1480 inter
912 1429 1028 1481 centra.

106 1526 205 1590 Carol.
223 1533 252 1589 3.
275 1523 485 1588 Attractiones
501 1521 576 1587 verb
589 1522 745 1599 matrices,
768 1546 823 1587 seu
837 1523 978 1608 pondera
994 1521 1185 1607 sphaerarum
1201 1524 1234 1588 in
1250 1523 1353 1610 sphae·

61 1653 113 1696 ras
128 1644 230 1708 erunt,
245 1631 278 1693 in
293 1629 464 1715 aequalibus
479 1640 656 1693 centrorum
671 1629 834 1707 distantiis,
856 1643 891 1693 ut
905 1630 1038 1713 sphaeroe
1053 1632 1244 1696 attrahentes
1259 1645 1291 1697 et
1304 1648 1352 1696 at-

61 1719 169 1804 tractae
184 1738 383 1825 conjunctim,
399 1737 432 1801 id
446 1749 503 1816 est,
523 1749 560 1800 ut
578 1748 724 1801 contenta
746 1737 803 1801 sub
825 1736 957 1822 spbaeris
979 1760 1038 1822 per
1060 1739 1350 1824 multiplicationem

62 1847 227 1933 producta.

106 1954 140 2041 (¹)
166 1955 264 2020 Corol.
289 1963 319 2017 4.
344 1953 443 2038 Inque
469 1950 621 2016 distantiis
644 1951 858 2038 inaequalibus,
882 1967 917 2017 ut
938 1965 1084 2018 contenta
1106 1954 1160 2019 illa
1182 1954 1298 2021 directe
1320 1967 1353 2021 et

63 2063 215 2149 quadrata
229 2060 445 2125 distantiarum
459 2060 541 2124 inter
556 2073 662 2124 centra
676 2058 808 2123 inverse.

106 2170 205 2234 Corol.
223 2177 252 2234 5.
277 2167 396 2231 Eadem
411 2167 523 2246 valent,
547 2167 601 2230 ubi
616 2167 758 2230 attractio
773 2165 906 2231 oritura
920 2165 1052 2253 sphaeroe
1066 2171 1225 2258 utriusque
1241 2173 1353 2237 virtute

62 2275 227 2340 attractiva
246 2287 356 2338 mutuo
379 2273 513 2338 exercita
536 2274 569 2337 in
591 2272 746 2357 spbaeram
770 2273 908 2338 alteram.
954 2275 1036 2339 Nam
1061 2277 1178 2342 viribus
1203 2279 1353 2343 ambabus

62 2391 242 2480 geminatur
257 2388 409 2465 attractio,
424 2388 627 2473 proportione
642 2384 772 2450 servati.
901 2464 904 2468 λ
950 2471 953 2476 ¹

108 2499 206 2562 Corot.
223 2506 253 2561 6.
278 2496 312 2561 si
326 2493 505 2580 hujusmodi
520 2492 653 2578 spbaerae
667 2492 780 2577 aliquoe
795 2493 877 2556 circa
892 2493 966 2557 alias
982 2492 1173 2579 quiescentes
1193 2493 1354 2557 revolvan-

64 2617 126 2683 tur,
143 2603 276 2691 singulte
290 2602 373 2665 circa
387 2601 544 2688 singulas,
567 2601 689 2687 sintque
704 2601 860 2666 distantiae
875 2602 956 2665 inter
970 2615 1078 2666 centra
1092 2602 1314 2666 revolventium
1322 2614 1355 2667 et

61 2714 286 2802 quiescentium
302 2713 553 2798 proportionales
569 2711 791 2798 quiescentium
811 2712 989 2788 diametris3
1012 2712 1146 2799 aequalia
1166 2727 1257 2776 erunt
1275 2725 1354 2777 tem·

61 2841 142 2908 pora
156 2819 325 2906 periodica.

108 2930 206 2993 Corol.
223 2936 252 2996 7.
277 2928 319 2992 Et
345 2926 490 3003 vicissim,
517 2925 544 2988 si
570 2936 712 3010 tempora
735 2924 895 3010 periodica
919 2938 991 2989 sunt
1016 2925 1166 3011 aequalia3
1199 2926 1354 2991 distantias

62 3052 156 3103 erunt
171 3040 218 3122 (¹¹²)
234 3036 482 3123 proportionales
497 3035 665 3099 diametris.

109 3148 208 3211 cml.
225 3156 254 3210 8.
279 3145 399 3210 Eadem
415 3145 529 3222 omnia,
554 3165 624 3228 quae
639 3142 781 3226 superius
796 3140 836 3207 de
851 3154 937 3206 motu
954 3165 1119 3226 corporum
1135 3145 1215 3208 circa
1230 3145 1355 3209 umbili-

63 3275 117 3318 cos
132 3253 313 3317 conicarum
328 3252 500 3317 sectionum
515 3251 727 3314 demonstrata
748 3260 830 3327 sunt,
854 3250 1013 3327 obtinent;
1037 3251 1090 3313 ubi
1114 3251 1237 3335 sphaera
1260 3268 1354 3318 attra-

61 3359 141 3425 hens
155 3358 266 3422 formae
281 3371 313 3423 et
327 3357 513 3423 conditionis
528 3356 662 3442 cujusvis
672 3357 739 3442 jam
753 3355 918 3440 descriptae
932 3357 1052 3421 locatur
1066 3358 1099 3421 in
1111 3359 1266 3424 umbilico.

94 3587 133 3653 (¹)
146 3590 160 3618 ⁴
175 3590 225 3636 thr.
236 3593 258 3634 2
276 3585 432 3635 Attractiones
440 3584 611 3633 acceleratsicaa
618 3586 694 3646 spha-
725 3584 822 3633 rollariis
834 3584 870 3632 1⁰.
883 3595 906 3633 et
917 3585 953 3633 20.
967 3587 1089 3635 manifesta
1100 3598 1171 3648 sunt;
1190 3590 1253 3637 Nam
1269 3600 1353 3638 attrac-

62 3667 142 3702 rarum
156 3652 180 3699 G
193 3652 228 3708 H,
242 3652 255 3698 1
269 3651 302 3706 K,
316 3651 338 3697 L
352 3651 388 3706 M,
400 3651 442 3697 &a
462 3651 486 3696 in
506 3651 606 3710 spherae
626 3651 649 3696 A
664 3650 693 3706 B,
725 3650 795 3697 tionis
805 3650 920 3712 quantiam
930 3652 1023 3708 matrix,
1041 3668 1082 3699 seu
1098 3653 1190 3714 pondus
1206 3655 1302 3714 sphaera
1317 3665 1352 3702 at-

63 3720 85 3765 C
99 3716 134 3773 D,
147 3715 171 3763 E
184 3715 211 3770 1²,
222 3717 264 3762 lac.
279 3714 425 3777 singularum
436 3713 515 3761 versus
525 3714 629 3777 singulas
640 3723 696 3761 sunt
726 3723 805 3761 tracta
819 3715 844 3760 in
859 3715 971 3775 sphaeram
990 3717 1119 3764 trahentem
1139 3718 1272 3780 aequipollet
1290 3718 1353 3766 sacto

63 3785 118 3845 (per
138 3781 192 3827 Cor.
216 3784 236 3826 l.
259 3779 328 3839 Prop.
349 3778 399 3839 75.)
416 3788 444 3824 ut
462 3780 559 3838 sphera
575 3780 692 3825 trabemea
723 3793 751 3826 ex
763 3778 784 3824 vi
796 3777 953 3826 acceleratrice
964 3779 1035 3827 ducti
1043 3780 1067 3827 in
1075 3783 1228 3843 quantitatem
1239 3783 1349 3839 materia,

60 3844 185 3906 applicata
195 3843 225 3891 sd
324 3851 347 3889 ta
363 3842 524 3890 distantiarum
538 3842 598 3889 inter
614 3853 693 3889 senua
723 3858 765 3889 seu
776 3842 801 3888 in
812 3858 911 3889 massam
922 3844 1017 3903 sphaera
1032 3855 1150 3903 attractae;
1168 3846 1201 3892 vis
1217 3856 1295 3893 autam
1312 3863 1351 3894 aa

63 3909 89 3964 Β,
104 3908 136 3957 Ρ.
172 3908 252 3962 Quare
262 3906 424 3967 componendo
434 3905 471 3953 rel
487 3906 612 3954 dividendo
629 3922 694 3954 sum-
725 3905 844 3954 celerauis
867 3910 919 3970 (per
943 3908 996 3955 Cor.
1019 3915 1042 3955 2.
1068 3909 1139 3970 Prop.
1163 3911 1245 3971 hujus)
1268 3921 1302 3957 est
1324 3921 1352 3958 ut

61 3988 104 4020 rna
114 3971 278 4019 medanum
294 3970 387 4018 illarum
407 3970 515 4018 omniurn
534 3970 571 4017 rel
589 3986 694 4017 excessus
726 3972 815 4031 sphaera
825 3972 940 4018 attrahens
950 3973 1064 4032 applicata
1074 3975 1104 4020 ad
1115 3976 1251 4035 quadratum
1263 3973 1351 4021 disten·

60 4037 197 4100 Quarum
207 4033 278 4096 auprd
289 4033 353 4092 alias,
364 4036 409 4082 hoc
419 4044 460 4089 est,
477 4045 525 4082 tota
539 4035 644 4082 maacha
656 4050 694 4082 ao-
726 4035 765 4083 tia
775 4034 835 4082 inter
845 4044 931 4092 centra,
948 4047 971 4082 et
981 4038 1119 4097 quantitates
1130 4037 1231 4084 materia
1241 4037 1266 4084 in
1276 4039 1352 4099 spha-

60 4099 186 4149 csleratrix
203 4100 299 4161 sphera
316 4099 449 4159 compositae
468 4099 558 4146 GIM
573 4099 598 4146 H
618 4097 697 4146 versus
727 4099 900 4160 risperomnia
913 4099 1034 4157 similibus,
1052 4111 1107 4148 sunt
1122 4113 1150 4148 ut
1168 4102 1292 4158 volumina,
1309 4118 1352 4150 sera

61 4166 180 4226 spheram
196 4164 347 4224 compositam
361 4165 381 4210 Δ
398 4163 486 4211 CFB
503 4163 546 4209 erit
562 4173 594 4209 ut.
605 4177 697 4209 summa
727 4173 755 4210 ut
775 4165 870 4223 sphaera
892 4164 953 4224 ipsa.
987 4164 1067 4219 Quasi
1083 4166 1229 4212 attractiones
1245 4167 1352 4214 morricaa

67 4229 103 4276 rel
116 4228 249 4276 differentia
259 4232 400 4290 sphaerarum
419 4228 616 4274 concentricsmm
633 4226 697 4273 simi·
728 4242 769 4274 seu
780 4226 1032 4288 ponderasphararum
1044 4229 1069 4275 in
1080 4231 1185 4289 sphaeras,
1198 4239 1351 4278 suntutcon.

64 4291 150 4338 larium
166 4293 187 4336 A
200 4291 232 4346 B,
245 4291 266 4338 C
280 4291 312 4348 D,
326 4291 348 4338 E
364 4292 389 4342 F.
402 4293 443 4338 &a
458 4291 488 4337 ad
499 4290 637 4352 quadratum
646 4290 693 4337 dis-
725 4300 788 4339 tenta
798 4294 842 4338 snb
853 4294 946 4352 sphaeris
956 4308 997 4353 per
1007 4293 1222 4354 multiplicationem
1239 4294 1352 4355 producta

64 4353 145 4400 haria
157 4354 176 4400 S
189 4354 340 4415 Papplioata.
377 4354 423 4401 Sed
433 4354 452 4400 si
469 4355 564 4413 sphaera
578 4355 695 4402 trahentes
725 4354 812 4403 ἀίκαό
821 4367 845 4403 et
855 4356 966 4418 quadrata
976 4356 1136 4404 &annuarum
1146 4357 1207 4405 inter
1221 4369 1300 4407 centra
1314 4360 1351 4407 in-

65 4428 120 4464 sunt
130 4417 175 4464 sibi
186 4417 286 4465 invicem
296 4435 338 4480 par
348 4419 427 4465 omnia
443 4418 536 4474 similes,
551 4433 650 4465 summa
665 4418 694 4465 il·
725 4418 796 4466 resse.

66 4480 95 4527 le
105 4481 142 4530 val
153 4481 292 4530 differentia
301 4494 358 4530 sunt
368 4493 395 4529 ut
405 4483 500 4542 sphaera
515 4481 578 4542 ipsa.
615 4480 695 4538 Quart
759 4483 800 4546 (ω)
818 4487 831 4514 ⁰
850 4487 1028 4546 Propertianales
1044 4488 1168 4535 diametra·
1211 4488 1264 4537 Cor.
1285 4493 1308 4538 6.
1328 4496 1352 4537 st

67 4556 128 4606 patet
138 4546 223 4594 raritas
235 4547 314 4595 Corol.
329 4553 350 4593 l.
363 4557 386 4593 et
397 4553 420 4593 2.
728 4551 750 4598 7.
764 4557 871 4597 constant
881 4564 922 4610 per
934 4550 988 4598 Cor.
1000 4555 1023 4598 ὅ.
1040 4550 1108 4611 Prop.
1122 4556 1162 4598 42·

98 4610 128 4674 (Ι)
147 4615 160 4642 '
180 4615 265 4661 cm.
286 4611 414 4660 Corollaria
423 4609 520 4666 3⁸⁰0?-
531 4609 584 4658 4¹¹⁰.
603 4624 632 4658 cx
650 4610 696 4659 Co·
