3202 5446
75 512 190 581 Lmen
207 514 373 595 Secura]
413 515 656 583 PRINCIPIA
680 518 1053 588 MATHEMATICA.

74 685 192 764 dictur,
208 699 241 752 et
255 687 377 753 interea
390 689 457 754 axis
473 692 539 775 ejus
550 713 622 756 cum
638 716 697 758 axe
712 717 805 759 cana-
915 705 953 774 ‚K
956 765 1092 779 ,,,,,,,,,,,,,,,,,
1091 709 1111 762 Ι
1105 768 1271 786 ,,,,,,,,,,,,,,,,
1272 707 1301 785 L

72 795 116 860 lis
132 795 306 861 coincidet:
332 798 508 863 resistentia
522 802 588 885 ejus
604 803 663 865 erit
678 801 719 888 ad
740 803 804 866 vim
1059 828 1111 890 Η
1113 816 1271 834 ”””””””””””””””
1275 790 1280 818 ¹

74 905 139 991 qui
155 917 239 969 totus
255 908 322 992 ejus
339 920 454 985 motus,
478 932 541 995 quo
563 923 705 995 tempore
726 935 804 998 qua·
1104 894 1110 942 Ξ

74 1011 226 1098 druplum
248 1014 455 1104 longitudinis
481 1040 547 1082 suoe
571 1019 728 1099 describit,
754 1023 804 1086 vel

73 1123 221 1211 generari
244 1125 344 1209 possit
365 1124 415 1188 vel
437 1126 514 1204 tolli,
542 1128 574 1190 in
598 1130 717 1195 ratione
732 1153 804 1217 quae

73 1232 277 1317 componitur
299 1255 340 1295 ex
361 1233 483 1298 ratione
499 1235 529 1299 E
546 1235 573 1299 F
589 1260 609 1322 q
631 1238 672 1300 ad
696 1239 725 1303 E
742 1241 803 1327 Fq
844 1273 847 1282 ¹

70 1345 152 1423 ¹—l
172 1341 200 1406 P
215 1341 249 1418 Q
263 1364 285 1427 q
307 1343 414 1421 semel,
442 1357 475 1408 et
495 1347 617 1411 ratione
641 1347 670 1411 Ε
686 1348 713 1412 F
728 1373 748 1436 q
764 1351 805 1414 ad

67 1447 152 1514 -E'F
165 1472 242 1536 q-
258 1451 286 1516 P
302 1451 335 1527 Q
350 1475 371 1538 q
386 1453 444 1531 bis,
461 1467 493 1518 et
508 1457 628 1519 ratione
644 1457 804 1523 densitatis

67 1556 172 1621 medii
187 1558 228 1622 ad
243 1559 432 1624 densitatem
448 1564 592 1650 cylindri.
797 1555 801 1565 ’

119 1668 219 1732 vorot.
237 1677 267 1733 3.
301 1670 419 1741 lisdem
443 1675 563 1758 positis,
587 1689 618 1740 et
633 1679 718 1763 quod
734 1679 804 1743 lon·

70 1775 185 1864 gitudo
201 1776 232 1842 L
246 1778 287 1843 sit
301 1781 342 1844 ad
364 1783 574 1868 quadruplum
599 1786 803 1873 longitudinis·

71 1883 206 1971 cylindri
220 1886 253 1951 in
268 1887 390 1953 ratione
404 1912 476 1975 quaa
491 1893 690 1975 componitur
700 1916 741 1957 ex
751 1916 786 1958 ra

69 1991 158 2059 tione
174 1995 204 2059 E
220 1995 248 2060 F
262 2019 283 2084 q
297 2004 375 2082 ἐξ
394 2000 422 2065 P
437 2001 470 2077 Q
485 2026 506 2089 q
521 2003 561 2067 ad
579 2004 795 2092 EFqsemel,

70 2117 103 2168 et
123 2105 245 2169 ratione
260 2106 289 2170 E
306 2107 333 2171 F
348 2131 369 2194 q
384 2147 428 2159 -
444 2111 472 2174 P
487 2110 520 2186 Q
535 2135 556 2199 q
571 2113 611 2176 ad
628 2114 658 2178 E
674 2115 701 2178 F
715 2137 736 2201 q
751 2116 817 2180 bis:
842 2118 889 2203 (¹¹¹)
907 2119 1081 2184 resistentia
1103 2121 1237 2207 cylindri
1252 2125 1312 2188 erit
1326 2125 1368 2188 ad

67 2213 134 2277 -vim
150 2213 218 2301 *quei
241 2228 326 2280 totus
348 2218 415 2303 ejus
437 2233 552 2298 motus,
579 2222 714 2287 interere
735 2223 811 2288 dum
838 2226 1066 2315 longitudinem
1090 2228 1293 2309 Ldescribit,
1317 2233 1367 2296 vel

69 2321 138 2385 tolli
151 2323 252 2406 possit
265 2322 315 2388 vel
328 2328 483 2412 generari,
498 2341 535 2394 ut
548 2328 685 2395 densitas
699 2331 796 2397 medii
810 2334 852 2398 ed
865 2333 1051 2399 densitatem
1067 2335 1210 2422 cylindri.

639 2633 794 2697 scholium.

111 2821 151 2886 In
176 2820 237 2886 hic
268 2821 489 2907 Propositione
512 2825 719 2891 resistentiam
747 2829 1001 2915 investigavimus
1030 2852 1102 2917 quae
1130 2832 1271 2895 oritura
1297 2829 1363 2895 sold

65 2930 282 3020 magnitudine
297 2945 485 2997 transversae
499 2934 646 2997 sectionis
657 2934 800 3021 cylindri,
816 2936 957 3023 neglecti
973 2937 1160 3001 resistentia.
1180 2950 1269 3021 parte
1291 2959 1363 3023 quoe
1385 3013 1387 3021 Ι

65 3039 107 3105 ab
120 3040 304 3128 obliquitate
325 3057 468 3107 motuum
483 3045 558 3107 oriri
572 3045 679 3128 possit.
725 3045 809 3109 Nam
830 3045 1095 3131 quemadmodum
1111 3046 1143 3108 in
1160 3045 1244 3111 Casu
1258 3047 1362 3130 primo

66 3147 295 3233 Propositionis
311 3149 480 3216 XXXVI.
497 3151 663 3238 obliquitas
686 3165 838 3230 motuum,
863 3153 976 3239 quibus
990 3165 1094 3237 partes
1110 3175 1200 3239 aquae
1221 3155 1254 3217 in
1277 3177 1360 3232 vase,

63 3256 204 3344 undique
219 3259 451 3346 convergebant
465 3259 497 3321 in
511 3259 652 3323 foramen
668 3261 698 3325 E
714 3260 751 3336 F,
767 3260 927 3345 impedivit
942 3259 1092 3324 effluxum
1107 3283 1198 3346 aquae
1211 3261 1294 3324 illius
1303 3284 1362 3346 per

62 3365 222 3433 foramen:
241 3370 286 3433 sic
301 3370 333 3433 in
349 3369 409 3435 bric
426 3370 654 3455 Propositione,
671 3371 837 3456 obliquitas
852 3385 1004 3448 motuum,
1022 3372 1135 3456 quibus
1150 3385 1255 3456 partes
1270 3392 1361 3457 aquoe

63 3475 105 3541 ab
127 3478 284 3543 anteriore
305 3478 439 3565 cylindri
462 3481 596 3543 termino
617 3501 744 3564 pressae,
775 3480 890 3544 cedunt
919 3480 1072 3564 pressioni
1101 3481 1142 3565 (¹¹)
1166 3495 1197 3544 et
1222 3479 1360 3565 undique

62 3582 239 3673 divergunt,
264 3587 404 3651 retardat
424 3608 533 3650 eorum
560 3587 724 3651 transitum
744 3609 802 3671 per
824 3586 894 3651 loca
915 3588 948 3651 in
971 3587 1103 3652 circuitu
1127 3587 1251 3652 termini
1277 3587 1358 3650 illius

61 3693 273 3757 antecedentis
296 3714 403 3757 versus
424 3695 613 3779 posteriores
634 3705 738 3778 partes
761 3695 904 3780 cylindri,
931 3695 1085 3783 efficitque
1107 3709 1143 3760 ut
1163 3695 1294 3759 fluidum
1317 3694 1359 3758 ad

61 3802 211 3887 majorem
232 3802 411 3867 distantiam
437 3815 672 3867 commoveatur
694 3814 725 3867 et
747 3804 953 3867 resistentiam
976 3817 1080 3893 auget,
1108 3807 1145 3891 (⁰)
1162 3804 1256 3890 idque
1271 3803 1304 3866 in
1319 3801 1356 3867 cir

58 4048 62 4055 ⁸
94 3991 137 4057 (¹¹)
149 3996 163 4025 '
176 3995 314 4042 Resistents‘o
370 3995 432 4041 ‘ndrt'
441 3995 487 4041 srlt
497 3995 529 4041 od
539 3995 593 4041 cim.
630 3991 694 4039 Nem
725 3991 792 4039 versi
802 3993 939 4053 spatiorum,
951 3995 996 4042 hoc
1007 4004 1049 4052 est,
1067 3994 1091 4041 in
1103 3993 1191 4041 ratione
1202 3993 1356 4058 longitudinis

60 4058 115 4119 (per
129 4057 184 4105 Cor.
198 4063 221 4105 2.
234 4067 259 4105 et
271 4057 337 4119 Hyp.
364 4057 493 4105 ιαὶιιειιιίι
507 4055 608 4119 cylindri
618 4066 654 4103 est
663 4056 695 4103 sd
728 4057 750 4104 L
762 4056 791 4104 ad
802 4057 960 4120 quadruplum
974 4058 1127 4122 longitudinis
1137 4058 1244 4121 cylindri.
1275 4061 1355 4115 Quare

59 4120 108 4167 sim
119 4120 166 4185 qui
177 4131 241 4170 totus
251 4123 303 4186 ejus
313 4131 398 4178 motus,
431 4137 463 4169 uo
474 4131 578 4182 tempore
588 4119 692 4182 quadru-
726 4125 766 4186 (es
784 4122 863 4184 aquo)
882 4123 1011 4171 resistentis
1030 4123 1128 4184 cylindri
1147 4135 1182 4170 est
1198 4123 1227 4171 ad
1245 4125 1292 4170 vim
1308 4125 1355 4188 qui

59 4183 127 4246 plum
140 4185 293 4250 longimdiuis
308 4201 358 4233 suoe
373 4201 389 4233 u
408 4186 521 4233 'armiter
537 4185 646 4232 describit
656 4184 693 4232 vel
725 4196 789 4234 totus
807 4187 858 4250 ejus
872 4197 959 4243 motus,
979 4186 1124 4235 interesdum
1141 4187 1313 4251 longitudinem
1331 4189 1354 4236 1.

59 4250 167 4312 generari
178 4251 251 4311 possit
261 4250 299 4298 vel
309 4249 367 4307 tolli,
384 4251 409 4297 iu
420 4250 508 4298 ratione
519 4247 648 4310 compositi
663 4264 692 4297 ex
724 4250 873 4299 uniformiter
882 4251 992 4300 describit
1002 4251 1053 4299 tolli
1067 4252 1139 4312 possit
1149 4251 1185 4299 vel
1196 4253 1309 4326 general,
1327 4263 1354 4302 ut

60 4313 151 4361 ratione
160 4311 298 4377 quadruplo
309 4314 462 4379 longitudinis
478 4313 577 4376 cylindri
592 4313 624 4360 sd
640 4315 691 4360 lon-
723 4314 824 4364 densitas
834 4315 906 4363 medii
916 4316 947 4363 sd
957 4315 1094 4363 densitatem
1105 4315 1211 4377 cylindri.

60 4376 192 4441 giwdinem
206 4379 263 4428 Let
272 4379 363 4427 ratione
373 4379 493 4427 densitstis
503 4377 575 4425 medii
586 4376 616 4425 sd
633 4377 690 4425 den-
769 4418 781 4442 Ι
960 4420 965 4430 ,
1048 4419 1053 4430 ,
1225 4416 1232 4429 ,

60 4441 153 4491 sitstem
163 4442 272 4505 cylindri,
289 4455 313 4492 et
324 4444 395 4507 (sta)
407 4445 443 4491 sis
453 4442 500 4506 qut
511 4452 575 4490 totus
591 4441 691 4503 cylindri
756 4421 766 4483 (
783 4419 792 4479 )
813 4421 827 4450 ⁹
851 4419 884 4466 ιζ’
907 4420 1008 4492 ΜΨ
1029 4419 1156 4491 ΜΝ·
1201 4416 1257 4466 vm·
1280 4418 1344 4480 pm?

58 4517 145 4562 motus.
158 4507 304 4556 iuteresdum
314 4505 692 4571 qusdruplumlongitudinismss
724 4483 797 4532 XLI·
811 4492 835 4531 ‘²
847 4482 934 4531 XLII·
950 4482 1003 4529 hb·
1017 4481 1095 4543 buln*

59 4569 175 4629 decutit,
218 4573 294 4621 uetsti
305 4572 342 4620 vel
353 4572 403 4621 tolli
413 4573 492 4634 possit,
503 4583 538 4620 est
548 4571 577 4619 ad
589 4572 636 4618 vim
644 4569 692 4634 qui
769 4568 796 4631 ο)
809 4572 823 4601 '
836 4571 912 4632 quue
922 4569 949 4616 in
959 4565 1045 4631 cdscrd
1055 4570 1151 4616 ratione.
1188 4567 1280 4618 Eodem
1288 4569 1352 4618 euim

59 4635 123 4683 idem
134 4588 240 4700 ejula
250 4636 350 4700 cylindri
360 4648 439 4686 motus
455 4651 503 4699 quo
518 4647 623 4696 tempore
639 4636 690 4682 lon-
723 4634 747 4681 fe
783 4631 947 4708 modomotus
962 4630 1051 4694 obliqui
1067 4632 1093 4678 in
1109 4647 1176 4708 squas
1193 4635 1297 4710 petibus
1312 4649 1353 4682 es.

59 4700 192 4763 gitudinsn
204 4701 227 4748 1.
238 4701 387 4750 uniformiter
397 4700 506 4750 describit
517 4700 553 4748 vel
564 4699 614 4747 tolli
621 4700 692 4761 possit
723 4699 831 4754 citantur,
848 4711 897 4744 srva
912 4711 973 4772 equs
983 4711 1009 4742 sn
1020 4695 1118 4757 planum
1133 4699 1214 4745 circuli
1227 4707 1353 4746 immotum

59 4763 96 4813 vel
106 4766 221 4829 genenri,
239 4766 264 4813 in
275 4769 365 4814 unone
381 4764 472 4814 inversi
486 4775 628 4826 temporum,
644 4765 692 4812 sise
724 4763 846 4825 impinget.
863 4762 911 4808 sive
918 4760 1020 4809 circulus
1030 4758 1113 4810 eidem
1124 4777 1180 4810 cum
1191 4763 1312 4812 velocitate
1327 4763 1353 4810 iu

58 4830 91 4878 ob
101 4829 208 4880 ssmdsm
224 4830 335 4896 utrinque
350 4829 491 4880 celeritatem
508 4830 533 4878 in
549 4829 639 4878 rstioue
655 4831 691 4876 iu·
723 4827 785 4892 equi
795 4825 930 4891 quiescente
936 4824 1032 4873 feratur.
