3202 5446
158 486 274 555 Lutra
290 488 454 570 Parnon]
514 488 755 556 PRINCIPIA
779 487 1153 556 MATHEMATICA.
1384 499 1450 559 ⁸49

152 666 318 753 proximis.
362 666 407 732 Et
420 666 530 732 eadem
554 679 603 732 est
626 669 707 733 ratio
731 666 818 756 globi
845 668 962 733 annulo
987 668 1108 748 nudati,
1135 668 1189 756 qni
1213 669 1248 732 in
1272 668 1452 758 regionibus

153 776 322 862 aequatoris
336 775 387 840 vel
402 774 495 839 altior
515 788 564 841 est
584 775 680 861 paulo
701 798 795 862 quam
805 778 897 862 juxta
918 777 1021 863 polos,
1044 777 1094 841 vel
1116 790 1238 842 constat
1258 800 1299 844 ex
1320 778 1451 843 materii

152 881 250 967 paulo
264 880 420 946 densiore.
466 883 503 967 (⁸)
528 883 662 967 Supplet
678 884 762 948 enim
776 883 875 949 vicem
890 884 998 948 annuli
1011 885 1071 949 iste
1085 884 1224 949 materioe
1238 886 1271 948 in
1285 885 1452 972 aquatoris

152 989 336 1076 regionibus
351 1011 508 1054 excessus.
554 988 598 1054 Et
611 1012 800 1077 quanquam,
817 991 908 1056 aucti
923 1005 1082 1078 utcunque
1103 990 1190 1080 globi
1211 991 1304 1077 hujus
1326 993 1358 1056 vi
1379 1013 1453 1056 ceu·

153 1097 279 1182 tripeti,
296 1096 425 1161 tendere
440 1111 658 1181 supponantur
672 1120 781 1163 omnes
795 1101 862 1185 ejus
876 1113 981 1185 partes
997 1099 1155 1177 deorsum,
1180 1099 1220 1163 ad
1235 1099 1363 1163 modum
1381 1122 1453 1187 gra·

152 1203 320 1267 vitantium
334 1204 472 1288 partium
487 1204 617 1282 telluris,
634 1218 739 1271 tamen
753 1206 965 1291 phaenomena
978 1206 1071 1291 hujus
1086 1218 1118 1271 et
1131 1206 1336 1291 praecedentis
1352 1207 1453 1270 corol-

151 1309 224 1374 larii
240 1311 276 1396 (⁸)
292 1310 347 1374 vix
361 1310 435 1376 intle
449 1312 654 1376 mutabuntur
663 1336 673 1390 ς
696 1314 757 1377 nisi
771 1314 856 1400 quod
879 1314 948 1379 loca
971 1316 1179 1379 maximarum
1201 1329 1233 1381 et
1253 1315 1453 1380 minimarum

153 1420 356 1486 altitudinum
372 1444 463 1508 aquae
477 1422 602 1487 diversa
616 1435 717 1487 erunt.
765 1425 860 1510 Aqua
874 1425 958 1503 enim
967 1425 1036 1508 jam
1049 1424 1083 1487 in
1107 1424 1185 1488 orbe
1205 1446 1264 1488 suo
1285 1424 1453 1490 sustinetur

154 1541 189 1597 et
201 1546 375 1617 permanet,
391 1554 456 1596 non
471 1533 605 1618 pervim
621 1555 710 1597 suam
725 1534 941 1621 centrifugam,
967 1535 1023 1600 sed
1038 1557 1096 1619 per
1111 1534 1233 1600 alveum
1248 1535 1280 1598 in
1295 1557 1359 1621 quo
1372 1534 1451 1598 fluit.

154 1639 199 1704 Et
213 1652 367 1724 praetetea
380 1640 426 1704 vis
444 1639 472 1703 L
489 1640 528 1704 M
543 1639 639 1705 trahit
653 1662 767 1727 aquam
782 1640 929 1705 deorsum
945 1642 1081 1706 maxime
1096 1642 1128 1705 in
1140 1642 1348 1728 quadraturis,
1362 1653 1394 1704 et
1405 1641 1451 1704 vis
1478 1628 1480 1633 ³

155 1747 189 1814 K
205 1749 234 1813 L
248 1772 303 1813 seu
319 1750 351 1814 N
368 1748 407 1813 M
421 1748 510 1814 -L
527 1748 566 1813 M
580 1749 676 1814 trahit
698 1751 832 1817 eandem
856 1774 979 1816 sursum
1002 1752 1139 1816 maxime
1162 1753 1195 1816 in
1219 1753 1362 1840 syzygiis.
1408 1749 1452 1816 Et

153 1855 207 1920 hae
220 1856 304 1920 vires
319 1858 494 1942 conjunctae
509 1856 658 1922 desinunt
671 1857 796 1922 trahere
811 1881 925 1945 aquam
940 1859 1086 1923 deorsum
1102 1872 1133 1924 et
1153 1860 1308 1944 incipiunt
1327 1857 1451 1922 trahere

152 2107 196 2156 per
206 2108 288 2142 arcum
301 2091 453 2142 Cimotum
463 2092 622 2142 inclinationis
637 2094 790 2144 decrescentis
819 2104 909 2144 returns
918 2095 1027 2149 incidere,
1044 2095 1166 2144 minimam
1177 2094 1203 2142 in
1214 2094 1326 2160 syzygias.
1357 2094 1450 2143 Verbm

152 2157 236 2206 iisdem
258 2158 372 2221 gradibus
392 2158 511 2216 diminuit,
534 2161 619 2221 qulbus
640 2175 682 2221 per
709 2175 788 2207 arcum
821 2163 840 2208 si
862 2169 972 2208 manente
989 2160 1071 2207 eidem
1090 2160 1113 2206 ti
1132 2159 1266 2224 centrifugti
1283 2169 1397 2222 augeatur
1415 2161 1450 2207 vis

154 2221 215 2272 Kc
231 2223 394 2283 producturos
412 2223 552 2271 acceleratus
571 2236 613 2271 est.
651 2222 731 2278 Quard
748 2224 788 2271 illa
820 2227 953 2284 ceutripcta,
965 2239 1005 2271 seu
1018 2224 1118 2287 gravitas
1128 2224 1294 2285 particularum
1306 2240 1379 2286 aquae,
1396 2239 1450 2284 par-

153 2284 308 2335 dacrascsntis
318 2285 476 2335 inclinationis
486 2299 566 2335 motus
576 2286 671 2348 penitus
681 2303 729 2336 noo
747 2288 789 2336 de·
819 2288 898 2337 ticula
909 2289 957 2336 illa
967 2303 1015 2336 uon
1026 2289 1048 2335 vi
1059 2290 1102 2337 soi
1113 2288 1251 2351 centrilugi,
1271 2288 1312 2336 sed
1331 2288 1391 2335 alvei
1407 2305 1448 2348 pa-

1041 2352 1145 2410 rietibus,
1157 2353 1219 2400 utin
1236 2354 1294 2400 mari
1313 2364 1383 2415 atqua
1402 2352 1448 2399 ilu-

998 2474 1001 2480 .
1042 2417 1146 2464 minibus
1156 2416 1246 2464 telluris
1257 2417 1379 2479 contingit,
1397 2432 1449 2464 sus·

1043 2482 1149 2530 tinemur
1165 2490 1189 2529 et
1208 2481 1234 2528 in
1255 2484 1311 2530 orba
1329 2496 1373 2527 suo
1395 2497 1448 2543 per.

1043 2555 1139 2593 manent
1153 2561 1180 2593 ac
1196 2544 1292 2607 proinde
1307 2560 1354 2592 non
1366 2545 1449 2605 ampli-

1044 2626 1073 2658 us
1090 2610 1121 2657 ad
1137 2609 1214 2673 legem
1233 2611 1335 2670 corporis
1352 2610 1450 2658 solitarii

975 2728 980 2742 ,
1043 2676 1134 2723 circum
1155 2685 1260 2722 centrum
1289 2676 1318 2729 T,
1344 2673 1369 2720 in
1395 2690 1449 2735 spa-

975 2751 982 2768 ·
1043 2740 1077 2786 tio
1092 2739 1165 2787 libero
1181 2738 1318 2787 revolventis
1335 2754 1350 2785 a
1368 2749 1450 2786 canno

1042 2802 1086 2850 illo
1105 2804 1128 2852 Τ
1144 2802 1265 2860 recedunt,
1284 2803 1322 2850 vel
1340 2802 1370 2850 ad
1389 2802 1447 2850 illud

1044 2865 1165 2915 accedunt.
1201 2866 1266 2914 Loca
1283 2866 1356 2929 igitur
1373 2867 1449 2914 maxi·

1042 2946 1135 2978 marum
1145 2940 1170 2977 et
1178 2930 1329 2978 minimarum
1345 2931 1448 2980 altitudi-

1045 3011 1105 3042 num
1115 3010 1183 3057 aquta
1201 2994 1291 3042 diversa
1307 3009 1390 3044 erunt:
1409 3011 1449 3043 se-

1044 3058 1125 3106 locitas
1146 3070 1224 3106 tamen
1245 3059 1347 3120 partium
1373 3075 1448 3121 aqua,

1044 3123 1132 3171 ceteris
1143 3123 1242 3184 paribus,
1254 3125 1356 3172 maxima
1366 3125 1410 3172 erit
1423 3125 1449 3171 in

155 3193 262 3244 struitur.
280 3191 326 3241 nisi
343 3191 420 3240 nodus
432 3191 458 3240 Κ
470 3190 600 3252 pervenerit
618 3190 673 3237 iuk
691 3198 790 3252 tumque
821 3188 926 3251 syzygiis,
946 3187 1045 3235 minima
1061 3188 1086 3234 in
1105 3187 1251 3250 quadraturis
1271 3190 1322 3251 (per
1342 3189 1396 3237 Cor.
1410 3191 1448 3249 3.)

155 3258 190 3305 vis
202 3257 227 3305 N
240 3258 270 3306 Μ
281 3257 379 3318 planum
391 3256 493 3310 reclinat,
505 3257 550 3302 hoc
558 3265 599 3310 est.
609 3254 790 3302 nodoexistanta
823 3253 941 3302 Psatmei
951 3254 986 3298 ris
998 3252 1018 3299 L
1031 3252 1058 3299 M
1077 3251 1183 3299 addititia
1195 3252 1265 3299 trabit
1280 3268 1364 3315 aquam
1381 3252 1449 3301 deor·

157 3321 182 3369 in
193 3322 210 3369 k
220 3321 304 3383 incipit
314 3331 393 3368 motus
403 3320 560 3368 reclinationis
570 3318 618 3366 sivi
628 3328 706 3365 motus
722 3317 789 3364 incli-
821 3333 881 3372 sum.
893 3332 934 3365 seu
945 3317 976 3364 ad
985 3325 1092 3363 centrum
1104 3317 1132 3368 T.
1149 3314 1251 3363 maxime
1267 3316 1291 3362 in
1304 3316 1449 3380 quadraturis

158 3385 259 3434 nationis
269 3385 392 3436 crescentis
403 3396 427 3431 et
437 3393 566 3445 perseverat
577 3398 651 3445 usque
662 3382 691 3429 atl
709 3391 788 3429 oetan·
821 3382 892 3445 (504)
909 3393 932 3429 et
943 3383 978 3427 vis
993 3381 1096 3427 ablatitia
1112 3380 1137 3427 l(
1151 3380 1172 3427 L
1192 3380 1262 3427 trahit
1280 3382 1378 3429 eandem
1398 3397 1449 3429 sur·

158 3458 204 3496 tem
216 3452 351 3510 proximum
359 3448 381 3496 L
390 3447 459 3510 atqui
469 3448 498 3494 ibi
507 3457 586 3495 cessat.
623 3446 709 3508 Liquet
717 3446 789 3508 igitur
820 3461 880 3500 sum,
897 3443 999 3493 maxime
1009 3445 1034 3514 ip
1045 3444 1145 3519 syzygiis
1156 3444 1226 3508 (501)
1238 3454 1262 3492 et
1271 3443 1325 3492 ideo
1335 3448 1354 3493 si
1365 3446 1450 3509 globus

157 3513 285 3560 minimum
295 3513 411 3575 angulum
423 3511 578 3559 inclinationis
589 3510 638 3557 lieri
655 3510 680 3556 in
692 3510 789 3556 octanti-
821 3526 876 3558 cunt
893 3510 953 3571 aqui
973 3509 1135 3568 circumposui
1152 3524 1199 3554 nou
1217 3509 1370 3556 revolveretur
1389 3509 1450 3557 circi

158 3579 203 3625 bus
213 3577 330 3626 nodorum
341 3577 366 3632 k,
383 3577 618 3638 lpostquadraturas
631 3575 659 3628 C,
680 3575 789 3621 Dmari-
822 3583 928 3622 centrum
952 3575 982 3630 Τ,
1004 3573 1109 3619 minima
1129 3587 1243 3635 aquarum
1268 3575 1401 3621 altitudines
1423 3573 1449 3620 in

158 3656 225 3689 mum
237 3641 292 3689 verti
302 3641 361 3689 dum
377 3640 432 3687 nodi
448 3649 569 3687 versantur
584 3640 609 3686 iu
623 3639 754 3687 octantibus
766 3638 791 3686 K
824 3638 969 3701 quadraturis
981 3638 1002 3685 C
1013 3647 1036 3684 et
1049 3638 1082 3693 D,
1094 3636 1203 3684 maxima
1214 3637 1238 3683 in
1249 3639 1346 3699 syzygiis
1359 3642 1381 3685 A
1394 3647 1417 3685 et
1427 3639 1450 3685 B

159 3716 183 3754 et
195 3706 218 3755 L
228 3715 282 3767 pom
292 3704 397 3766 syzygias
411 3706 441 3760 A,
456 3705 486 3751 Β.
823 3712 915 3760 essent;
936 3717 1016 3749 verum
1028 3700 1160 3748 revolvente
1176 3716 1231 3748 curn
1248 3702 1319 3764 globo
1329 3702 1388 3765 aqui
1403 3703 1449 3752 tic

191 3771 225 3834 (¹)
244 3774 257 3801 '
279 3773 369 3831 Suyplet
381 3771 441 3817 enim
452 3775 522 3817 oicem
534 3771 624 3825 annuli,
642 3771 684 3815 dic.
721 3767 789 3815 Patet
820 3766 850 3814 ad
864 3767 894 3822 A,
906 3767 941 3812 vis
948 3765 1053 3813 addititia
1060 3774 1112 3825 post
1119 3765 1270 3827 quadraturas
1277 3782 1356 3828 agens,
1364 3782 1450 3828 aquam

159 3839 326 3896 perot-514.
363 3833 502 3880 Simaterite
518 3833 788 3895 inaquatorisrogioni-
821 3830 929 3879 deorsum
941 3846 1032 3890 semper
1043 3840 1119 3892 urget,
1136 3832 1211 3877 donec
1222 3831 1244 3876 vi
1257 3830 1360 3877 oblatitii
1370 3831 1450 3878 vinea·

159 3900 204 3947 bus
214 3913 323 3947 esceasus
333 3912 373 3957 per
383 3898 498 3943 annulum
511 3898 532 3945 C
543 3913 557 3945 c
569 3899 592 3944 A
607 3897 632 3943 D
642 3899 664 3950 b,
678 3895 734 3960 (sid.
746 3896 786 3970 lig.
821 3906 876 3953 tur;
893 3904 917 3942 et
927 3895 1032 3942 similiter
1043 3896 1093 3941 lttec
1109 3894 1143 3941 vis
1159 3894 1261 3941 eblautia
1277 3904 1329 3955 post
1345 3897 1450 3958 syzygias

160 3976 207 4011 not.
219 3963 289 4020 51⁴.)
302 3961 439 4009 exhibeatur
449 3972 473 4008 et
484 3962 574 4025 reliqua
584 3962 647 4025 globi
658 3960 755 4007 materia
766 3975 789 4006 m
823 3974 915 4005 sursum
927 3960 997 4006 trahit
1014 3974 1093 4020 aquas,
1111 3974 1211 4020 quarum
1231 3958 1327 4019 proinde
1345 3959 1450 4007 minima

160 4039 241 4075 oentm
254 4027 277 4075 T
288 4035 367 4073 coacta
378 4026 522 4088 intelligatur
822 4023 957 4069 altitudines
967 4038 1015 4071 non
1026 4022 1130 4069 incident
1139 4023 1164 4069 in
1176 4023 1334 4084 quadraturas,
1346 4022 1387 4069 sed
1397 4034 1450 4084 post

193 4091 225 4155 (¹)
243 4095 257 4121 ⁹
281 4093 320 4138 Via
330 4090 381 4138 indi
393 4094 552 4138 mutabuntur.
584 4090 646 4136 Nam
655 4088 729 4150 major
737 4103 789 4148 por·
820 4086 977 4150 quadraturas.
995 4088 1104 4134 maxima
1121 4085 1175 4133 verti
1192 4097 1244 4146 post
1260 4087 1371 4149 syzygias.
1407 4089 1450 4135 ln.

160 4156 220 4203 tium
232 4154 296 4218 globi
308 4155 332 4200 in
344 4163 449 4200 centrum
470 4154 493 4202 T
511 4153 611 4215 gravitas
629 4168 676 4199 non
694 4151 790 4212 impedit
820 4167 890 4212 super
900 4152 983 4198 rotatio
993 4151 1057 4214 globi
1074 4149 1135 4197 circi
1152 4152 1271 4211 proprium
1289 4167 1357 4198 arem
1375 4153 1450 4199 mani-

160 4220 219 4282 qnin
235 4218 340 4266 annulus
355 4216 442 4264 fluidus
460 4217 497 4264 vel
516 4216 611 4272 solidus,
631 4216 791 4275 impressiones
821 4230 872 4264 snas
883 4231 995 4277 aquarum
1007 4214 1142 4262 altitudines
1152 4231 1167 4262 a
1177 4216 1276 4278 syzygiis
1289 4216 1312 4261 A
1324 4225 1347 4262 et
1360 4217 1381 4264 B
1398 4232 1450 4264 ver.

160 4283 246 4330 virium
260 4282 281 4329 L
295 4282 331 4338 nt,
345 4282 369 4328 N
385 4283 410 4328 Μ
423 4282 538 4340 suscipiat,
557 4280 607 4327 loca
622 4290 700 4327 tamen
717 4280 791 4327 maxi·
822 4295 861 4325 sus
878 4280 1029 4342 quadraturas
1050 4280 1075 4326 D
1093 4288 1116 4326 et
1134 4280 1154 4327 C
1171 4279 1286 4335 transfert,
1305 4279 1451 4328 intereadum

161 4361 255 4394 mnum
266 4356 290 4392 et
301 4345 451 4392 minimarum
463 4344 613 4391 altitudinum
626 4342 791 4406 aquoeditersa
823 4344 922 4415 viresql.
940 4345 976 4400 nt,
997 4344 1021 4391 N
1040 4344 1069 4391 M
1088 4343 1158 4390 simul
1173 4344 1263 4405 junctas
1280 4345 1394 4392 maximas
1412 4361 1451 4393 eas

161 4420 239 4458 munt.
277 4409 408 4471 Hucusque
419 4409 482 4455 enirn
493 4408 658 4468 supposuimus
668 4407 792 4468 patticulas
823 4423 936 4470 aquarum
951 4408 1085 4455 altitudines
1100 4407 1124 4453 iu
1141 4407 1240 4468 syzygiis
1256 4408 1383 4457 instaurare
1399 4426 1450 4470 per·

162 4491 230 4539 aqna
242 4489 270 4521 ex
283 4474 366 4520 virium
379 4472 510 4532 centripetre
521 4482 542 4519 et
555 4471 691 4534 centril'ugoe
703 4471 792 4534 aquili-
822 4469 895 4532 petuti
910 4473 1025 4529 nituntur,
1042 4488 1103 4530 aqua
1118 4469 1218 4518 antemi
1237 4472 1256 4519 C
1266 4484 1290 4521 et
1301 4474 1327 4521 D
1337 4473 1450 4521 continui

162 4541 220 4596 bno,
233 4538 324 4585 inorbo
341 4551 384 4583 suo
402 4537 509 4583 sustineri
527 4546 550 4583 et
568 4550 702 4596 permanere
721 4536 793 4582 instar
824 4535 876 4583 tluit
894 4552 973 4583 versus
986 4540 1006 4583 A
1020 4545 1044 4583 et
1057 4537 1086 4592 B,
1106 4535 1164 4582 dum
1182 4536 1278 4584 elevatio
1295 4541 1325 4585 ab
1338 4539 1360 4586 A
1373 4553 1452 4586 sersus

162 4602 265 4664 eorporis
275 4600 370 4648 solitarii
385 4600 504 4647 Priscum
517 4600 573 4647 ‘l'in
585 4599 659 4659 spatio
669 4599 740 4648 libero
756 4615 792 4647 ro·
826 4599 852 4647 D
863 4610 887 4647 et
896 4616 911 4647 a
924 4601 945 4648 B
957 4615 1036 4648 versus
1048 4601 1068 4647 C
1080 4601 1223 4657 transfertur,
1241 4612 1265 4648 et
1283 4601 1336 4650 idad
1354 4604 1414 4650 inter
1427 4605 1447 4648 A

163 4666 295 4724 volventis3
312 4663 381 4727 atqui
397 4663 452 4711 inde
467 4679 496 4710 es
516 4664 569 4711 Cor.
584 4668 606 4712 5.
626 4672 744 4710 ostensum
760 4672 795 4711 est
826 4674 849 4711 et
862 4665 887 4711 D
898 4673 925 4711 ut
936 4674 959 4711 et
969 4667 1030 4714 inter
1042 4665 1063 4712 B
1076 4675 1099 4711 et
1111 4666 1131 4711 C
1142 4662 1228 4712 dantur
1238 4665 1286 4714 duo
1302 4677 1379 4714 motus
1395 4681 1451 4713 con-

164 4730 189 4779 ia
203 4733 258 4780 Cor.
272 4735 307 4777 ta.
321 4729 447 4777 maximam
458 4743 524 4791 aqua
535 4726 795 4791 alutudiasninquad-
826 4728 890 4776 uarii
900 4729 985 4791 qutbus
993 4744 1055 4791 aqua
1065 4728 1227 4778 accumulatur
1237 4730 1270 4779 itt
1281 4742 1308 4780 ut
1317 4730 1452 4780 altitudioaa
