3202 5446
431 949 719 1031 EDITORIS
740 953 1063 1036 PRAEFATIO

298 1442 734 1544 EDlTlONEM
760 1445 1188 1547 SECUNDAM.

662 1740 829 1760 “Um

104 1954 369 2048 Nuwrouraum
379 1973 593 2059 Philosophiae
607 1992 722 2037 novam
734 1973 801 2051 tibi,
825 1973 924 2037 lector
946 1975 1109 2054 benevole,
1134 1975 1250 2064 diuque
1272 1980 1395 2046 deside-

102 2101 196 2150 ratam
214 2086 395 2162 editionem,
411 2081 581 2168 plurimdm
596 2105 680 2146 nunc
695 2082 893 2146 emendatam
909 2094 1002 2168 atque
1014 2082 1185 2149 auctiorem
1199 2084 1395 2153 exhibemus.

103 2196 182 2272 Quae
195 2193 398 2280 potissimum
413 2190 632 2255 contineantur
646 2189 679 2252 in
693 2189 755 2252 hoc
769 2211 866 2274 opere
881 2188 1095 2269 celeberrimo,
1119 2190 1293 2281 intelligere
1306 2210 1397 2281 potes

102 2326 139 2366 ex
152 2301 308 2365 indicibus
322 2298 470 2384 adjectis:
495 2320 567 2384 quoe
587 2297 637 2361 vel
651 2297 810 2360 addantur
823 2295 873 2360 vel
895 2297 1110 2378 immutentur,
1126 2300 1196 2384 ipsa
1210 2313 1241 2365 te
1255 2301 1321 2368 ferd
1338 2303 1396 2368 do-

102 2411 179 2475 oebit
203 2406 342 2473 auctoris
361 2405 516 2490 praelatio.
562 2402 733 2491 Reliquum
759 2415 817 2481 est,
841 2416 876 2467 ut
896 2404 1082 2490 adjiciantur
1102 2407 1254 2473 nonnulla
1268 2409 1308 2475 de
1329 2433 1396 2476 me·

101 2517 194 2582 thodo
207 2516 304 2602 hujus
318 2512 538 2600 philosophiae.

142 2625 207 2702 Qui
232 2622 398 2710 physicam
423 2619 619 2685 tractandam
649 2632 864 2705 suscepenmt,
888 2619 929 2684 ad
951 2636 1015 2686 tres
1041 2621 1106 2686 sere
1122 2622 1235 2689 classes
1254 2627 1395 2692 revocari

102 2745 237 2817 possunt
284 2730 467 2795 Extiterunt
481 2727 576 2805 enim,
607 2727 661 2814 qui
676 2727 807 2815 singulis
831 2749 936 2792 rerum
957 2730 1124 2815 speciebus
1139 2733 1303 2819 qualitates
1323 2757 1395 2823 spe-

100 2839 201 2904 cificas
229 2851 262 2903 et
287 2834 426 2901 occultas
455 2832 643 2910 tribuerint3
665 2855 706 2897 ex
732 2833 847 2920 quibus
869 2833 983 2899 deinde
1005 2857 1172 2921 corporum
1198 2841 1393 2929 singulorum

100 2947 304 3032 operationes,
327 2943 435 3032 ignoti
462 2940 597 3026 quidam
626 2942 757 3019 ratione,
780 2941 920 3026 pendere
935 2942 1111 3009 voluenmt
1158 2946 1197 3012 In
1216 2947 1278 3012 hoc
1291 2951 1394 3034 posita

101 3068 146 3119 est
160 3075 283 3118 summa
298 3051 452 3114 doctrinae
478 3047 682 3127 scholasticae,
705 3048 746 3113 ab
762 3049 934 3114 Aristotele
949 3063 981 3114 et
997 3051 1211 3138 Peripateticis
1226 3055 1391 3124 derivatae:

103 3164 267 3228 Affirmant
281 3161 391 3247 utique
405 3158 548 3246 singulos
560 3156 688 3222 effectus
703 3179 744 3221 ex
759 3179 927 3241 corporum
942 3158 1150 3246 singularibus
1165 3164 1284 3228 naturis
1298 3166 1391 3242 oriri3

99 3286 131 3335 at
142 3270 226 3335 unde
241 3270 305 3333 siut
326 3268 390 3330 illae
404 3279 528 3330 naturae
545 3287 610 3329 uon
622 3265 756 3342 docent3
779 3265 858 3329 nihil
887 3267 992 3353 itaque
1006 3268 1129 3334 docent.
1176 3272 1319 3361 Cumque
1334 3276 1392 3339 toti

100 3382 158 3443 sint
171 3381 321 3443 interum
344 3376 534 3453 nominibus,
557 3397 622 3439 non
640 3375 673 3438 in
688 3375 765 3459 ipsis
780 3375 893 3452 rebus3
916 3397 1092 3441 sermonem
1108 3379 1265 3464 quendam
1287 3381 1391 3466 philo·

99 3488 260 3573 sophicum
283 3483 430 3549 censendi
453 3494 527 3547 sunt
551 3483 757 3562 adinvenisse,
780 3481 1011 3568 philosophiam
1036 3485 1201 3552 tradidisse
1226 3511 1291 3554 non
1316 3505 1391 3555 sunt

97 3595 251 3660 censendi.

140 3703 203 3767 Alii
218 3724 295 3790 ergo
309 3699 447 3764 melioris
462 3699 633 3787 diligentiae
648 3698 773 3763 laudem
788 3701 937 3787 consequi
948 3715 1114 3787 sperarunt
1124 3705 1238 3789 rejecta
1252 3707 1388 3772 vocabu·

96 3813 197 3875 lorum
211 3809 313 3874 inutili
327 3809 493 3896 farragine.
539 3810 724 3874 statuerunt
745 3809 849 3895 itaque
867 3812 1029 3875 materiam
1045 3813 1222 3878 universam
1236 3814 1387 3904 homoge-

94 3942 184 3984 neam
200 3941 279 3995 esse,
302 3938 428 3980 omnem
442 3914 518 3979 verb
526 3913 698 3979 formarum
709 3916 898 3993 varietatem,
915 3939 986 4002 quae
1001 3918 1033 3981 in
1045 3920 1229 4004 corporibus
1238 3923 1385 4003 cernitur,

96 4053 134 4093 ex
162 4027 389 4114 particularum
415 4024 669 4110 componentium
699 4023 933 4109 simplicissimis
959 4026 1146 4112 quibusdam
1168 4042 1199 4092 et
1228 4029 1387 4096 intellectu

96 4135 246 4198 facillimis
272 4131 487 4196 affectionibus
513 4131 597 4194 oriri.
643 4131 687 4194 Et
711 4130 795 4193 recte
821 4131 948 4216 quidem
972 4134 1152 4220 progressio
1173 4135 1344 4202 instituitur
1368 4161 1388 4202 a

96 4239 337 4327 simplicioribus
352 4239 394 4302 ad
419 4238 519 4327 magis
534 4238 716 4323 composita,
740 4238 768 4301 si
786 4238 1009 4322 particularum
1023 4241 1178 4325 primariis
1204 4243 1265 4308 illis
1294 4225 1386 4310 olfec-

94 4349 227 4412 tionibus
242 4368 308 4410 non
323 4346 401 4408 alios
422 4346 564 4409 tribuunt
588 4344 710 4422 modos,
733 4366 827 4430 quarn
842 4367 921 4431 quos
943 4346 1012 4431 ipsa
1026 4348 1135 4412 tribuit
1155 4361 1277 4414 natura.
1323 4352 1387 4416 Ve-

94 4457 162 4518 nim
177 4455 231 4519 ubi
255 4453 415 4518 licentiam
434 4453 493 4516 sibi
507 4465 679 4530 assumunt,
702 4452 840 4537 ponendi
861 4475 1063 4542 quascunque
1087 4455 1164 4521 libet
1178 4457 1301 4545 ignotas
1314 4479 1386 4542 par·

94 4564 169 4626 tium
179 4562 298 4649 figuras
314 4572 347 4623 et
357 4558 599 4646 magnitudines,
622 4559 820 4646 incertosque
832 4559 908 4624 situs
920 4572 952 4624 et
966 4575 1089 4639 motus3
1112 4564 1188 4649 quin
1203 4578 1235 4630 et
1244 4566 1386 4654 fingendi

93 4670 185 4734 fluida
200 4668 346 4756 quaedam
369 4665 502 4743 occulta,
526 4689 596 4751 quae
612 4689 777 4751 corporum
794 4689 889 4752 poros
911 4667 1068 4732 liberrimi
1090 4684 1262 4753 permeent,
1285 4674 1385 4737 omni-
