3202 5446
72 431 238 514 Parare]
304 434 548 504 PRINCIPIA
571 437 942 508 MATHEMATICA.
1146 448 1221 513 -82'1

72 630 131 690 ‚um
148 608 255 674 Corol.
272 610 344 692 VI.)
367 634 403 676 ac
418 613 444 676 ai
458 611 509 676 hae
524 613 721 679 attractiones
735 614 927 679 tollerentur.
971 610 1017 679 Et
1027 613 1097 700 peri
1106 617 1225 683 ratione

72 718 124 781 uio
141 719 165 784 S
181 718 212 782 N
228 719 331 784 minor
346 734 426 786 essct
441 723 622 787 attractione
633 725 657 790 S
669 724 719 802 M,
732 723 854 789 tolleret
868 726 936 809 ipsa
949 725 1139 790 attractionis
1152 726 1224 791 SM

72 825 100 916 'S
116 825 160 916 N,
176 837 207 889 et
219 841 361 892 maneret
374 851 447 913 pars
462 830 528 893 sola
544 830 584 895 M
600 831 642 909 N,
658 831 718 917 quei
734 845 910 916 temporum
933 844 964 896 et
988 855 1127 897 arearum
1150 855 1225 917 pro-

72 931 153 995 alitas
168 945 200 995 et
214 933 324 997 orbitae
338 934 439 999 fornia
453 935 507 998 illa
522 936 658 1021 elliptica
678 938 922 1022 perturbaretur.
967 939 1010 1003 Et
1035 939 1173 1004 similiter
1198 942 1224 1005 si

72 1062 83 1102 ι
100 1041 122 1104 8
138 1040 170 1104 Ν
191 1043 290 1126 major
312 1057 392 1108 esset
413 1046 595 1110 attractione
622 1047 709 1124 SM,
738 1048 873 1112 oriretur
896 1071 937 1112 ex
962 1049 1134 1114 differentia
1160 1049 1224 1113 solai

72 1147 235 1211 erturbatio
249 1151 545 1233 proportionalitatis
560 1166 592 1216 et
606 1153 725 1218 orbitae.
774 1154 826 1218 Sic
845 1177 902 1239 per
924 1157 1135 1219 attractionem
1155 1156 1225 1220 SN

72 1275 98 1315 rr
112 1276 233 1338 semper
248 1246 389 1320 attractio
410 1259 501 1322 tertia
522 1261 663 1344 superior
680 1261 702 1325 S
719 1261 758 1325 M
773 1261 813 1325 ad
828 1263 1041 1326 attractionem
1058 1262 1098 1326 M
1114 1242 1157 1338 N,
1178 1274 1224 1326 at·

72 1361 204 1444 eprimd
219 1373 251 1426 et
267 1363 401 1427 secundi
424 1365 620 1430 manentibus
642 1388 770 1450 prorsus
793 1368 982 1432 immutatis:
1006 1381 1038 1432 ct
1058 1381 1224 1452 propterea

87 1482 227 1553 tempora
242 1470 283 1534 ad
297 1473 627 1555 proportionalitatem,
648 1488 679 1538 et
693 1473 794 1538 orbita
810 1476 837 1539 P
852 1476 882 1539 A
900 1475 928 1539 Β
944 1476 983 1539 ad
998 1474 1128 1539 formam
1143 1496 1224 1558 prae·

72 1574 217 1659 llipticam
236 1590 304 1641 turn
325 1580 460 1643 maxime
482 1580 643 1657 accedunt,
668 1580 721 1643 ubi
745 1581 887 1645 attractio
904 1581 943 1645 M
959 1583 992 1646 N
1007 1581 1054 1645 vel
1069 1581 1153 1644 nulla
1168 1594 1222 1660 est,

72 1704 98 1744 m
113 1683 181 1746 lieri
195 1685 294 1768 possit
307 1686 455 1764 minima3
478 1687 538 1750 boc
552 1700 609 1765 est,
632 1687 687 1751 ubi
710 1709 876 1771 corporum
893 1688 920 1751 P
935 1700 966 1751 ct
981 1688 1012 1752 T
1028 1688 1224 1751 attractiones

72 1793 179 1871 trices,
197 1794 285 1858 sactae
299 1794 407 1861 versis
423 1819 536 1881 corpus
560 1801 592 1874 8,
618 1796 770 1860 accedunt
791 1795 940 1882 quantum
966 1798 1034 1861 fieri
1058 1810 1161 1881 potest
1184 1797 1224 1861 ad

72 1913 167 1976 atem3
191 1900 222 1963 id
238 1914 293 1979 est,
311 1904 364 1966 ubi
379 1905 522 1967 attracio
539 1905 561 1969 S
577 1905 609 1968 N
624 1926 687 1967 non
703 1916 748 1967 est
762 1903 858 1981 nulla,
874 1926 975 1988 neque
985 1904 1087 1967 minor
1097 1903 1223 1967 minimis·

71 2026 158 2068 ›num
172 2008 312 2070 omnium
329 2010 351 2071 S
368 2008 416 2083 M,
433 2009 487 2073 sed
499 2010 580 2072 inter
592 2008 807 2072 attractiouum
820 2009 958 2071 omnium
972 2007 1045 2072 SM
1056 2008 1224 2095 maximam

72 2133 145 2175 nam
161 2115 248 2198 quasi
262 2115 445 2192 mediocris3
468 2116 528 2180 hoc
543 2131 600 2195 est,
616 2139 679 2180 non
693 2116 793 2180 multo
806 2118 905 2201 major
926 2139 1027 2203 neque
1049 2115 1148 2180 multo
1166 2138 1224 2179 nu·

72 2221 196 2286 ¹actione
213 2224 236 2287 S
253 2223 294 2286 K.
340 2225 381 2300 Q.
398 2248 423 2288 e.
440 2225 470 2289 d.

77 2339 107 2394 2.
132 2330 170 2416 (¹¹)
196 2333 407 2399 Revolvuntur
417 2337 482 2420 jam
499 2359 630 2421 corpora
644 2338 765 2400 minora
781 2336 818 2414 P,
836 2336 859 2398 S
874 2336 956 2399 circa
967 2336 1136 2398 maximum
1150 2335 1224 2399 Tin

72 2437 185 2503 liversis
196 2465 204 2516 ;
228 2455 259 2505 et
273 2442 318 2505 vis
331 2443 356 2504 L
368 2442 415 2518 M,
433 2444 554 2530 agendo
569 2444 738 2507 secundum
753 2444 867 2506 lineam
881 2443 908 2506 P
919 2443 992 2507 Tin
1007 2442 1101 2526 plano
1116 2441 1224 2506 orbitae

76 2545 175 2623 sitam,
193 2547 326 2612 eundem
342 2550 468 2613 habebit
483 2550 625 2613 effectum
641 2573 677 2614 ac
691 2551 788 2634 prius,
804 2572 906 2632 neque
918 2570 1031 2632 corpus
1043 2549 1070 2612 P
1080 2548 1119 2612 de
1130 2548 1224 2631 plano

72 2673 129 2714 urae
143 2652 331 2717 deturbabit.
356 2654 388 2739 (¹)
412 2658 456 2718 At
472 2655 515 2716 vis
531 2654 629 2719 altera
645 2655 674 2719 N
693 2655 743 2729 M,
769 2654 890 2739 agendo
914 2653 1084 2717 secundum
1110 2652 1223 2717 lineam

72 2757 170 2822 iST
187 2759 334 2842 parallela
358 2774 406 2824 est
428 2767 533 2846 (atque
554 2761 634 2838 ideo,
661 2760 785 2845 quando
808 2782 920 2843 corpus
938 2760 960 2823 S
975 2772 1113 2821 versatur
1138 2771 1225 2823 extra

72 2866 234 2944 nodorum,
259 2868 423 2931 inclinatur
445 2870 484 2932 ad
506 2869 633 2953 planum
649 2869 801 2958 orltitael'
818 2868 848 2931 Α
866 2867 907 2945 Β)
929 2880 1043 2949 practer
1064 2867 1225 2949 perturba·

72 2986 173 3036 motus
188 2975 219 3036 iu
236 2975 461 3061 longitudinem
473 2977 539 3060 jam
552 2988 624 3038 ante
636 2974 816 3057 expositam,
831 2972 949 3034 induce·
963 2961 1225 3055 perturbationem

72 3080 162 3143 alatit
170 3080 307 3158 udinem,
325 3081 479 3145 trahendo
496 3105 609 3166 corpus
626 3082 653 3145 P
668 3080 707 3143 de
722 3081 816 3164 plano
840 3101 904 3142 suae
928 3077 1046 3140 orbitae.
1092 3077 1135 3141 Et
1159 3077 1228 3141 haec

72 3189 143 3266 atio,
161 3189 192 3250 in
209 3188 283 3252 dato
299 3191 406 3274 quovis
422 3212 588 3272 corporum
606 3189 633 3252 P
648 3200 679 3252 et
694 3189 725 3253 T
740 3187 779 3251 ad
796 3187 926 3248 invicem
951 3184 1020 3260 situ,
1046 3184 1104 3247 erit
1125 3198 1160 3247 ut
1182 3184 1227 3246 vis

72 3316 158 3358 crans
175 3294 213 3358 M
231 3294 274 3371 N,
291 3294 424 3379 ideoque
441 3296 569 3357 minima
585 3293 695 3357 evadet
710 3293 763 3356 ubi
779 3292 817 3356 M
835 3291 867 3355 N
881 3303 928 3353 est
942 3289 1078 3365 minima,
1101 3288 1161 3352 hoc
1183 3302 1228 3352 eat

94 3404 240 3486 exposui)
264 3404 318 3466 ubi
340 3404 483 3468 attractio
501 3405 524 3469 S
540 3404 571 3466 N
588 3425 651 3465 non
677 3414 722 3465 est
747 3401 846 3465 multo
870 3400 977 3484 major,
1004 3420 1103 3484 neque
1129 3399 1227 3462 ruulto

72 3511 232 3574 ttractione
248 3511 270 3574 S
288 3510 329 3574 K.
375 3511 417 3585 Q.
433 3534 459 3574 e.
476 3510 506 3573 d.

72 3688 77 3702 .
95 3661 144 3706 Cor.
157 3663 180 3704 2
201 3656 302 3704 Plenum
316 3658 337 3703 T
351 3658 373 3704 Ε
388 3660 404 3705 S
417 3657 438 3703 E
451 3673 504 3704 curn
522 3659 566 3705 bu·
600 3659 651 3705 Set
663 3657 701 3715 T;
728 3657 750 3703 B
769 3652 824 3701 verb
842 3651 903 3700 uitri
921 3652 950 3710 T,
973 3663 1086 3713 punctum
1103 3653 1124 3699 A
1141 3652 1227 3700 dicitur

72 3721 181 3780 tisplauo
189 3736 317 3783 congruere
325 3737 477 3783 supponatur,
487 3723 567 3769 orbita
599 3723 683 3768 easein
695 3720 866 3783 conjunctione,
884 3727 907 3764 et
923 3728 1038 3777 puuctum
1057 3718 1078 3763 B
1095 3717 1119 3763 iu
1135 3717 1226 3776 opposi-

95 3786 116 3831 B
136 3786 233 3844 planum
253 3786 325 3831 alterii
342 3788 376 3832 sui
398 3798 468 3846 parte,
488 3802 510 3832 v.
531 3802 565 3847 gr.
600 3787 663 3832 tione
674 3796 777 3844 respectu
789 3797 910 3842 corporum
924 3782 975 3828 Set
988 3782 1025 3838 T;
1043 3781 1224 3837 etloeaAetB,

74 3848 224 3908 prriplanum
238 3850 258 3894 T
273 3851 295 3896 E
310 3851 520 3906 SEeuunere‚et
535 3851 569 3896 al·
602 3848 826 3895 eorumuuiuomine
842 3845 934 3907 syrigioe
951 3859 1067 3891 vocantur.
1103 3844 1185 3890 illutus
1200 3845 1225 3890 in

86 3914 110 3960 D
125 3914 145 3959 B
161 3915 180 3961 C
200 3913 260 3958 infra
278 3915 374 3973 planum
395 3918 400 3959 Ι
421 3917 443 3962 E
457 3917 473 3961 S
486 3915 508 3960 E
526 3915 567 3961 de·
603 3913 772 3974 longitudinem
780 3924 813 3957 est
820 3926 867 3972 quo
873 3925 956 3969 corpus
963 3908 1079 3954 revolvens
1089 3908 1226 3980 Papuncto

72 3976 181 4039 elligatur,
201 3977 261 4022 linea
281 3991 342 4025 recta
363 3980 420 4026 DC
440 3981 572 4025 couununis
603 3977 847 4031 suaeotbitaedeto,v.
863 3989 896 4035 gr.
911 3990 925 4019 a
942 3983 1028 4032 puncto
1047 3973 1066 4019 C
1084 3971 1169 4018 recedit
1185 3988 1226 4033 per

75 4042 88 4086 Ἰ
110 4041 132 4087 E
147 4044 163 4088 S
177 4042 198 4087 E
210 4051 233 4086 et
247 4042 267 4087 P
281 4049 300 4088 Α
317 4043 337 4088 Β
356 4046 491 4098 intersectio,
509 4043 569 4088 linea
604 4041 653 4088 CP
665 4043 685 4086 A
697 4042 721 4088 D
732 4042 768 4088 B:
782 4041 890 4084 motusin
899 4036 1042 4082 latitudinem
1051 4046 1084 4081 est
1094 4035 1165 4095 isque
1174 4051 1225 4083 cor.

72 4104 162 4160 dicitur,
179 4117 201 4151 et
214 4104 276 4151 illius
287 4117 389 4153 extrema
406 4118 492 4167 puncta
512 4107 536 4152 D
546 4117 569 4152 et
601 4120 645 4165 pus
656 4106 773 4150 revolvens
789 4106 806 4149 1¹
819 4103 847 4149 ad
859 4103 955 4161 planum
972 4101 1094 4145 immotum
1107 4099 1128 4144 'l'
1139 4099 1160 4144 E
1175 4100 1224 4148 SE

72 4168 210 4229 ppllanrur.
247 4171 308 4215 nodi
327 4171 362 4217 vel
380 4183 465 4231 puncta
483 4171 569 4232 quevis
601 4169 688 4216 accedit
695 4169 730 4214 vel
737 4171 766 4214 ab
773 4183 800 4213 eo
807 4169 898 4212 recedit.
927 4166 950 4210 Si
960 4178 1080 4221 corporum
1090 4162 1225 4211 revolventi.

72 4244 131 4279 ntur
142 4249 191 4279 esse
204 4234 227 4278 in
239 4234 383 4295 quadraturis
397 4252 437 4280 seu
450 4246 568 4294 aspectum
601 4249 641 4280 um
651 4233 670 4279 l'
678 4245 700 4278 et
710 4231 873 4279 Smorusinter
881 4230 1225 4299 secoulerantur,etuuumqua

72 4312 77 4340 ι
98 4299 203 4343 obtinere
222 4310 325 4357 respectu
346 4302 447 4359 corporis
469 4303 491 4351 8,
512 4299 569 4345 dum
602 4298 626 4343 in
638 4296 734 4343 eandem
743 4295 834 4358 plagam
843 4295 935 4344 seratur,
948 4307 968 4335 v.
982 4306 1016 4352 gr.
1031 4293 1059 4336 ab
1070 4290 1186 4363 prendente
1199 4293 1224 4338 in

74 4362 101 4406 ei
115 4362 176 4407 recti
187 4361 216 4408 ad
234 4368 250 4406 S
268 4365 282 4406 t'
300 4364 323 4407 in
341 4375 427 4422 puncto
440 4366 459 4407 'l'
472 4378 568 4422 perpen·
603 4363 721 4414 orientem,
734 4372 811 4406 nictus
822 4359 845 4402 in
857 4356 1019 4416 consequentia
1030 4353 1077 4399 fien
1089 4353 1224 4428 dicrtur5d

74 4426 119 4470 uod
134 4425 157 4469 in
170 4426 213 4471 boc
225 4441 281 4471 casu
293 4442 375 4486 corpus
389 4430 405 4474 S
418 4438 440 4474 er
458 4439 570 4487 punctum
602 4424 656 4472 vero
666 4426 763 4472 alterum
776 4439 800 4469 ur
813 4437 883 4468 unam
896 4420 993 4491 plagam,
1011 4418 1108 4464 alterum
1125 4433 1158 4492 ιιιι
1167 4420 1225 4466 alte·

73 4493 104 4534 ub
116 4489 206 4551 angulo
217 4502 281 4536 recto
298 4492 326 4537 de
345 4491 396 4537 loeo
409 4496 421 4534 ‘t
441 4491 567 4538 vdeautur.
603 4505 652 4536 ram
664 4500 790 4543 moveatur,
803 4496 880 4532 motus
891 4485 961 4530 unius
971 4497 995 4527 ιιι
1013 4495 1174 4543 consequentia
1190 4483 1223 4530 al·

76 4553 120 4599 nei
133 4558 148 4600 S
162 4555 184 4599 'l'
196 4565 299 4599 ereetum
313 4556 458 4617 intelligatur
473 4555 569 4615 planum
602 4556 673 4599 terius
684 4564 777 4599 vocatur
795 4551 819 4596 in
836 4546 999 4597 antecedentia.
1013 4562 1033 4591 v.
1044 4561 1082 4620 ⁴gr.
1102 4557 1180 4619 motus
1194 4549 1224 4596 ab

72 4647 73 4658 ι
90 4619 107 4664 8
121 4617 143 4663 E
156 4617 269 4671 verticale,
282 4618 374 4680 sintque
386 4632 471 4678 puncta
483 4622 503 4665 Α
515 4629 537 4665 et
548 4620 569 4665 B
602 4618 720 4664 orientein
727 4616 870 4662 occidentem
878 4614 901 4657 in
909 4609 1065 4656 antecedentia
1072 4611 1122 4684 fieri
1126 4611 1222 4685 dioetur.

72 4696 107 4728 uo
124 4681 235 4737 verticuli,
251 4685 272 4729 A
286 4684 380 4744 quidem
400 4687 459 4729 iuter
476 4698 570 4743 corpora
636 4682 665 4745 (¹)
685 4687 697 4711 ⁹
716 4685 749 4729 At
768 4684 800 4728 uir
817 4683 888 4727 ultera
909 4678 938 4724 N
954 4678 991 4731 M,
1010 4677 1052 4722 dec.
1099 4676 1123 4722 Sr
1144 4678 1223 4722 orbita

555 4768 612 4813 Xe
