3202 5446
72 435 115 481 aa
127 414 290 495 Paratus]
325 414 563 482 PRINCIPIA
587 415 976 504 MATHEMAmcm·
1209 432 1273 512 sal,

77 589 110 654 D
123 591 147 655 S
159 588 331 673 parallelas,
346 588 390 651 nil
403 601 524 652 mutant
538 590 612 653 situs
627 612 735 654 eorum
747 590 787 653 ad
803 591 942 668 invicem,
958 590 1014 656 sed
1027 591 1142 660 faciunt
1156 607 1191 660 ut
1205 597 1270 683 ipsa

72 694 160 758 aliter
182 694 330 758 accedant
350 693 390 759 od
411 694 523 759 lineam
546 694 631 770 IK3
653 717 746 781 quam
766 694 890 769 ductam
910 698 1038 782 concipe
1059 720 1116 783 per
1135 702 1271 768 medium

72 800 139 863 »oris
164 801 196 877 S,
221 814 253 864 et
273 800 362 864 lineae
384 801 418 866 D
435 801 458 865 S
478 801 770 886 perpendicularem.
818 803 1008 887 Impedietur
1028 818 1132 870 autem
1153 809 1210 874 iste
1231 812 1272 876 ad

72 931 114 972 rm
136 908 152 973 I
170 909 201 973 K
223 930 362 973 accessus
385 908 425 993 (l)
447 906 587 973 faciendo
608 920 644 972 ut
664 920 793 994 systema
814 930 980 994 corpomm
1002 909 1034 974 T
1054 925 1085 975 et
1107 911 1137 977 L
1157 936 1196 978 ex
1210 919 1272 981 uui

72 1043 98 1097 e,
114 1031 146 1083 et
159 1041 271 1104 corpus
288 1020 364 1084 Sex
378 1018 483 1096 alteri,
501 1017 592 1103 justis
607 1039 677 1081 cum
690 1018 909 1096 velocitatibus,
929 1031 1079 1106 gyrentur
1094 1020 1175 1087 circa
1189 1047 1273 1090 com.

72 1151 95 1192 re
108 1129 264 1216 gravitatis
279 1141 418 1193 centrum
435 1128 473 1192 C.
511 1128 546 1207 (¹)
563 1126 634 1192 Tali
644 1141 730 1191 motu
745 1130 902 1213 corpusS,
919 1152 957 1193 eo
967 1130 1051 1215 quod
1066 1153 1188 1197 summa
1200 1136 1273 1197 viri-

72 1237 243 1302 motricium
267 1237 337 1303 SD
361 1251 386 1301 >t
410 1237 442 1302 T
464 1250 495 1301 et
518 1237 590 1302 SD
612 1225 639 1302 ’Χ
663 1237 701 1314 L,
725 1238 876 1303 distantiae
897 1240 964 1305 CS
982 1243 1271 1327 proportionalium,

72 1344 99 1407 it
112 1365 218 1408 sersus
232 1355 373 1408 centrum
389 1344 427 1422 C,
449 1342 594 1408 describit
608 1344 727 1428 ellipsin
746 1346 827 1411 circa
845 1346 927 1411 idem
944 1348 990 1426 (33
1011 1362 1042 1415 et
1061 1363 1212 1437 puuctum
1226 1352 1271 1430 D,

72 1445 311 1529 proportionales
336 1447 365 1508 C
389 1445 421 1521 S,
447 1445 474 1507 C
489 1445 532 1522 D,
561 1446 713 1509 describet
736 1447 858 1529 ellipsin
882 1445 1070 1511 consimilem
1096 1468 1114 1510 e
1136 1447 1271 1534 regione,

72 1573 139 1615 rora
159 1564 263 1616 autem
278 1550 310 1616 T
325 1564 357 1614 et
378 1551 408 1615 L
422 1550 537 1615 viribus
562 1551 743 1614 motricibus
768 1550 839 1616 SD
859 1565 884 1616 >t
903 1550 934 1615 T
948 1562 980 1615 et
995 1552 1018 1616 S
1032 1552 1066 1616 D
1087 1567 1112 1618 >t
1130 1553 1169 1631 L,
1185 1553 1273 1637 prius

72 1680 110 1736 re,
125 1659 280 1742 posterius
295 1657 474 1742 posteriore,
491 1658 650 1744 aequaliter
664 1669 695 1722 et
716 1657 884 1721 secundum
907 1657 1003 1722 lineas
1029 1658 1190 1742 parallelas
1202 1658 1270 1744 ¹TI

89 1762 132 1842 K,
148 1775 183 1827 ut
196 1763 314 1827 dictum
329 1766 541 1842 est’attracta,
556 1775 688 1854 pergent
709 1768 778 1848 (per
791 1762 895 1850 legum
912 1763 1119 1828 Corollarium
1132 1765 1274 1851 quintum

72 1869 170 1950 atum)
187 1870 268 1933 circa
279 1883 419 1934 centrum
430 1870 544 1934 mobile
554 1871 587 1936 D
597 1870 719 1954 ellipses
729 1892 799 1934 suas
810 1868 993 1947 describere,
1006 1882 1041 1934 ut
1050 1871 1146 1955 prius.
1170 1871 1272 1947 Q.e.i.

72 1974 186 2041 ddatur
202 1977 269 2060 jam
284 1998 396 2061 corpus
420 1988 563 2063 quartum
578 1977 618 2055 V,
643 1988 675 2041 et
690 1969 730 2062 ’(·)
754 1976 845 2039 simili
868 1990 1050 2063 argumento
1074 1977 1274 2060 concludetur

72 2095 102 2146 et
116 2059 267 2167 punctum
284 2084 311 2146 C
326 2082 449 2167 ellipses
465 2079 548 2146 circa
562 2083 700 2146 omnium
720 2104 884 2146 commune
904 2095 1044 2146 centrum
1064 2085 1221 2171 gravitatis
1245 2084 1274 2150 B

72 2187 192 2266 ribere3
213 2189 408 2254 manentibus
423 2189 558 2254 motibus
572 2190 711 2274 priorum
726 2210 892 2274 corporum
903 2189 944 2265 Τ,
955 2188 984 2252 L
995 2201 1027 2253 et
1041 2190 1156 2255 Scirca
1169 2202 1274 2255 centra

72 2320 76 2360 ;
92 2295 131 2375 C,
147 2295 203 2361 sed
218 2296 403 2362 acceleratis.
439 2296 491 2388 {Et
505 2296 614 2362 eisdem
627 2295 776 2361 methodo
790 2318 921 2381 corpora
934 2296 1025 2389 plura
1046 2297 1213 2386 adjungere
1236 2299 1275 2363 li·

72 2427 88 2470 ·.
132 2404 176 2480 Q.
192 2406 254 2469 ei

98 2510 183 2576 Haec
197 2512 240 2575 ita
254 2534 287 2576 se
309 2511 435 2590 babent,
459 2512 516 2578 etsi
539 2534 670 2597 corpora
685 2512 716 2577 T
731 2524 763 2575 et
778 2511 807 2575 L
831 2510 957 2576 trahunt
979 2534 1012 2575 se
1036 2524 1144 2576 mutuo
1158 2512 1273 2579 viribus

72 2617 263 2684 leratricibus
279 2618 445 2705 majoribus
459 2618 508 2683 vel
522 2619 694 2683 minoribus
709 2641 801 2704 quam
816 2618 928 2704 quibus
943 2617 1069 2682 trahunt
1083 2641 1211 2704 corpora
1225 2644 1274 2685 re-

72 2753 81 2792 r
94 2751 155 2815 pro
169 2729 289 2793 ratione
304 2728 527 2793 distantiarum.
574 2729 673 2794 Sunto
687 2742 803 2792 mutuae
817 2728 954 2791 omnium
974 2728 1167 2793 attractiones
1188 2752 1273 2794 acce·

72 2839 154 2904 rices
170 2837 210 2903 ad
225 2839 358 2902 invicem
373 2850 408 2913 ut
422 2837 574 2901 distantiae
596 2837 698 2900 ducta
721 2837 753 2900 in
778 2857 909 2920 corpora
933 2834 1094 2913 trahentia,
1121 2848 1152 2900 et
1173 2838 1212 2922 (¹²)
1235 2859 1274 2901 ex

72 2945 245 3012 edentibus
260 2944 348 3009 facild
364 2945 533 3009 deducetur
548 2945 631 3032 quod
646 2967 776 3030 corpora
790 2945 894 3008 omnia
907 2944 1075 3032 aequalibus
1084 2946 1273 3031 temporibus

72 3054 161 3121 >dicis
175 3053 299 3140 ellipses
310 3055 420 3133 varias,
436 3055 518 3118 circa
532 3054 669 3118 omnium
684 3076 846 3118 commune
859 3055 1016 3142 gravitatis
1031 3069 1169 3119 centrum
1187 3056 1224 3135 B,
1241 3057 1273 3120 iu

72 3162 257 3231 oimmobili
271 3161 459 3228 describunt.
504 3161 547 3240 Q.
562 3185 588 3226 e.
603 3162 623 3225 i.

78 3381 92 3412 ⁸
110 3380 503 3454 laamdoasrpaemaarpmm
518 3377 620 3434 nau,
651 3384 713 3424 terna
728 3375 959 3436 corporumTetL,
976 3391 1015 3423 seu
1031 3376 1133 3438 ipsorum
1148 3394 1272 3429 commune

72 3443 211 3492 'anuum
227 3441 345 3506 gravitatis
362 3456 487 3489 commune
505 3440 619 3502 ipsorum)
652 3451 758 3488 centrum
768 3440 885 3504 gravitatis
896 3440 929 3496 D,
941 3456 1018 3487 versus
1035 3442 1051 3488 S
1069 3458 1110 3490 seu
1131 3443 1150 3491 C
1169 3447 1272 3493 trahatur

72 3506 165 3572 ipaste,
177 3516 198 3557 a
209 3524 289 3570 comus
308 3510 326 3555 S
341 3522 369 3554 er
386 3505 468 3560 urard,
478 3506 550 3568 justis
567 3522 621 3553 mm
652 3520 744 3568 quoque
755 3505 776 3550 ri
787 3520 840 3566 qua
850 3515 921 3552 estut
934 3505 950 3552 S
964 3505 994 3560 D,
1010 3520 1037 3553 sc
1054 3506 1150 3566 proinde
1167 3518 1195 3555 ut
1213 3512 1232 3557 c
1246 3510 1271 3558 D

72 3570 326 3632 stibasindatoplano
341 3569 470 3618 secundum
486 3569 622 3616 directiones
654 3569 714 3632 (61).
737 3578 800 3629 patet
817 3568 881 3630 quod
899 3584 982 3629 corpus
1002 3570 1025 3625 S,
1048 3585 1076 3616 ea
1094 3570 1140 3617 unii
1159 3583 1228 3631 parte,
1247 3585 1272 3622 et

72 3634 116 3684 aba
125 3644 150 3684 et
159 3635 283 3684 mattarias
299 3634 414 3695 impressis
431 3643 543 3697 gemmus
559 3633 620 3683 circd
652 3641 766 3693 puuctum
779 3632 804 3679 D
815 3648 843 3680 ex
854 3632 925 3679 alteri
936 3633 1063 3680 describant
1074 3634 1161 3682 cimam
1174 3638 1193 3683 C
1204 3637 1270 3696 ellip-

72 3717 147 3749 ων
154 3703 272 3763 pudioris
282 3711 387 3748 caurum
398 3702 469 3747 triam
481 3715 605 3760 coquwm.
652 3712 688 3743 sea
697 3696 833 3748 consimiles.
845 3697 864 3742 si
871 3696 940 3758 justis
950 3712 1003 3743 cum
1014 3697 1178 3758 velocitatibus,
1195 3711 1222 3747 ut
1231 3717 1268 3747 su·

79 3767 92 3795 ⁰
114 3766 166 3814 rat
175 3774 239 3812 msa
249 3780 330 3826 eorpus
342 3769 366 3820 S,
382 3764 424 3810 &c
461 3764 551 3823 Corpus
571 3762 587 3809 S
603 3778 618 3808 a
649 3759 691 3822 pri
702 3761 792 3808 dictum
803 3771 844 3815 est,
856 3747 1010 3823 proficientur.

72 3826 129 3876 ibus
140 3827 222 3876 Tel.
233 3829 330 3875 trahitur
341 3828 487 3889 viribusque·
497 3836 552 3872 sunt
559 3826 619 3872 inter
683 3839 715 3904 (ι)
735 3843 747 3869 a
765 3841 838 3888 Simp,
847 3850 990 3901 mmm,
1002 3840 1166 3888 commando
1176 3856 1270 3900 corpo„

80 3892 344 3969 ,STXJIJUSLX
360 3892 381 3941 1⁴
398 3894 438 3955 (²¹
453 3891 520 3965 hist)
537 3899 561 3937 Εἴ
578 3904 619 3949 1³01
653 3903 1269 3967 TetLtanuamoorpusuuicumincemrono-

72 3965 159 4004 m
168 3972 253 4003 mum
263 3957 376 4031 comps
391 3971 406 4002 ·
421 3956 552 4015 omnbus
564 3954 587 4001 Τ
597 3963 621 4000 a
651 3968 729 4024 utum,
741 3970 896 4024 concinatur,
909 3969 951 4014 ac.

72 4035 110 4068 tus
123 4020 149 4069 D
159 4029 182 4068 at
195 4022 215 4069 C
222 4019 292 4083 juxtd
302 4021 452 4068 &rectionem
465 4021 481 4066 S
493 4019 563 4066 Dseu
574 4018 619 4066 SC
684 4034 716 4096 (t)
734 4036 747 4062 s
766 4035 825 4080 Hm
834 4032 867 4080 ἱρὰ
878 4048 901 4080 κ
911 4034 998 4079 mm·
1034 4032 1096 4079 Nm
1112 4033 1271 4094 pmpfflfionjs

72 4100 92 4131 ¹¹
102 4084 251 4148 ΜΨ
260 4095 316 4132 ¹⁰⁰⁸
334 4085 393 4132 5¹²2&
409 4099 434 4131 ἢ
452 4092 480 4130 ¹¹2
492 4084 508 4131 ⁸
522 4082 545 4129 D
559 4089 584 4139 Χ
597 4080 620 4127 Τ
652 4094 817 4143 demonstratio
838 4110 885 4142 non
903 4096 1012 4156 supponit
1030 4097 1088 4143 sires
1104 4097 1270 4144 acceleratricea

72 4148 128 4222 DJ(
143 4148 173 4206 la
191 4151 235 4196 Μ
253 4160 295 4206 ³⁸2
316 4149 408 4212 'illu‘
427 4157 462 4194 ‘⁸⁸
480 4157 508 4194 ¹¹⁸
526 4147 617 4203 SD><
652 4159 1121 4223 quibuscorpotaTetLaddistantiam
1137 4160 1270 4209 datamm·

77 4228 106 4282 L.
118 4225 222 4291 adedrpre
231 4238 259 4275 ut
271 4228 289 4275 S
301 4229 334 4284 D,
353 4230 384 4275 ob
402 4226 479 4274 datam
498 4240 620 4286 corporum
651 4226 711 4274 bunt
720 4240 803 4285 corpus
816 4225 839 4281 S,
850 4240 899 4271 esse
909 4224 1007 4286 equales
1017 4225 1102 4271 viribus
1110 4226 1269 4274 acceleratrici-

72 4306 111 4339 ω
123 4292 147 4340 Τ
155 4292 187 4357 -Ι-
197 4293 227 4347 L,
239 4300 263 4339 et
273 4302 300 4340 ut
313 4293 332 4340 C
343 4293 367 4350 S,
379 4293 409 4339 ob
420 4291 497 4338 datam
508 4291 620 4337 rationem
651 4292 696 4336 bus
706 4289 789 4351 quibus
799 4304 824 4335 se
833 4285 916 4334 mutuo
927 4287 957 4335 ad
966 4287 1063 4335 eandem
1079 4288 1208 4335 distantiam
1224 4299 1270 4337 tra-

72 4354 162 4412 dCS,
179 4357 242 4419 (61).
263 4357 354 4417 Corpus
364 4355 426 4402 idem
440 4356 456 4402 S
468 4353 536 4417 jumi
547 4354 620 4402 direc-
651 4354 717 4400 bunt.
755 4350 823 4402 Unde
834 4361 912 4399 manet
922 4351 1091 4408 demonstratio,
1108 4352 1149 4399 etsi
1160 4368 1242 4414 corpus
1254 4355 1271 4403 S

73 4421 190 4481 appodns
199 4420 254 4481 ipsis
261 4420 286 4468 D
293 4421 322 4477 T,
331 4420 515 4480 DLpsrallelas,
524 4419 621 4466 trahitur
652 4434 666 4464 a
677 4432 770 4477 corpore
780 4433 800 4464 v.
814 4432 849 4491 pr.
863 4416 886 4463 'l'
896 4415 926 4463 ad
935 4415 1066 4463 distantiam
1076 4416 1151 4463 datam
1168 4419 1272 4468 uebatur
1362 4464 1365 4473 ,

72 4486 269 4547 rquaesuntiuter
277 4500 302 4531 se
310 4495 337 4533 ut
348 4485 371 4531 D
384 4485 406 4531 'l'
418 4492 443 4543 χ
457 4485 477 4530 Τ
488 4493 512 4530 et
523 4484 549 4531 D
563 4483 583 4529 L
593 4490 618 4540 χ
652 4481 734 4544 majori
745 4481 780 4528 vel
791 4495 875 4555 minori
886 4495 908 4525 rr
921 4479 1083 4555 ‘acceleratrice
1100 4495 1170 4543 quam
1187 4498 1271 4544 corpus

72 4559 133 4605 test,
145 4549 233 4597 riribtss
243 4549 373 4610 noualibus
389 4551 442 4613 (60)
458 4563 512 4611 qun
526 4545 622 4608 proinde
655 4545 676 4594 L
687 4545 717 4592 ad
728 4544 825 4593 eandem
836 4544 973 4592 araneam.

72 4611 393 4674 rmaammpmaueum
418 4610 498 4671 Quae
508 4627 562 4662 cum
573 4626 622 4673 sys·
687 4608 722 4675 (')
740 4613 753 4641 ⁹
771 4611 805 4660 Et
820 4625 846 4659 aa
860 4615 1123 4682 praedestinasset&
1139 4622 1270 4669 adurerer.

72 4711 84 4745 ’.
103 4697 118 4745 1
257 4734 260 4739 .
626 4695 650 4744 Χ
