3202 5446
219 421 238 476 8
542 416 882 483 PHILOSOPHIAE
913 415 1186 482 NATURALIS
1328 416 1509 495 [Darium.

216 596 294 660 trale
308 597 412 683 (quale
425 609 472 664 est
487 598 622 688 Magnes
636 601 670 664 in
689 613 796 667 centro
810 601 858 667 vis
880 602 1072 690 magnetieae,
1097 601 1146 666 vel
1161 601 1263 667 Terra
1285 601 1319 665 in
1332 611 1441 665 centro
1468 600 1517 664 vis

215 705 406 792 gravitantis)
431 707 493 770 sive
507 706 568 772 alia
590 708 693 795 aliqua
723 731 794 794 quae
816 731 880 772 non
895 721 1033 794 apparet.
1093 707 1334 774 Mathematicus
1362 708 1517 773 duntaxat

216 823 262 876 est
282 810 335 875 hic
358 825 534 898 conceptus.
589 816 673 880 Nam
698 815 811 879 virium
835 838 942 881 causas
956 829 987 881 et
1007 815 1093 880 sedes
1117 815 1265 902 Physicas
1285 815 1352 899 jam
1377 836 1442 879 non
1457 837 1514 879 ex-

214 919 328 1006 pendo.

259 1029 316 1092 Est
330 1028 425 1115 igitur
438 1028 484 1092 vis
498 1028 697 1094 acceleratrix
707 1029 748 1093 ad
762 1030 825 1093 vim
839 1030 1001 1095 metricam
1014 1042 1050 1094 ut
1058 1030 1197 1094 celeritas
1206 1028 1247 1092 ad
1260 1040 1390 1094 motum.
1435 1029 1512 1095 Ori-

214 1147 265 1199 tur
279 1135 362 1197 enim
378 1136 531 1221 quantitas
545 1148 647 1200 motus
658 1158 700 1202 ex
714 1137 869 1202 celeritate
883 1150 915 1202 et
928 1160 969 1202 ex
983 1137 1153 1224 quantitate
1167 1135 1315 1214 materiae,
1332 1148 1363 1199 et
1376 1135 1422 1199 vis
1441 1158 1510 1199 mo-

213 1243 276 1306 trix
291 1264 332 1305 ex
346 1242 377 1304 vi
391 1243 604 1308 acceleratrice
614 1255 646 1308 et
656 1266 698 1308 ex
708 1245 877 1330 quantitate
892 1244 1027 1330 ejusdem
1041 1244 1180 1308 materias
1194 1243 1391 1328 conjunctim.
1425 1243 1509 1307 Nam

214 1369 336 1414 summa
350 1349 507 1413 actionum
532 1350 577 1415 vis
602 1351 822 1415 acceleratricis
837 1352 870 1414 in
897 1351 1032 1439 singulas
1051 1351 1189 1435 corporis
1213 1349 1380 1436 particulas
1403 1362 1450 1413 est
1464 1351 1510 1447 vis

122 1484 125 1491 ¹
213 1457 328 1521 motrix
343 1458 448 1523 totius.
480 1459 576 1524 Unde
585 1460 677 1544 juxta
687 1459 880 1545 superficiem
889 1459 1009 1538 Terrae,
1026 1453 1080 1523 ubi
1093 1459 1227 1547 gravitas
1238 1457 1438 1523 acceleratrix
1452 1480 1508 1522 seu

213 1565 260 1629 vis
274 1565 431 1652 gravitans
446 1582 479 1629 m
494 1566 675 1651 corporibus
690 1567 838 1630 universis
849 1566 956 1630 eadem
971 1577 1025 1646 est,
1041 1567 1175 1655 gravitas
1188 1566 1305 1629 motrix
1320 1588 1373 1629 seu
1382 1565 1508 1651 pondus

213 1684 307 1736 estut
332 1694 456 1757 corpus:
489 1688 521 1736 at
544 1674 569 1736 si
592 1662 630 1737 in¹
648 1674 790 1762 regiones
814 1674 998 1738 ascendatur
1023 1673 1077 1737 ubi
1092 1674 1226 1762 gravitas
1251 1672 1451 1736 acceleratrix
1470 1654 1508 1737 fit

211 1780 322 1857 minor,
338 1778 464 1864 pondus
477 1781 593 1864 pariter
606 1780 772 1860 minuetur,
788 1781 907 1868 eritque
918 1803 1041 1866 semper
1054 1792 1090 1844 ut
1103 1803 1215 1866 corpus
1226 1780 1256 1844 ds
1269 1779 1404 1868 gravitas
1417 1802 1506 1844 acoe-

210 1887 337 1952 leratrix
352 1888 550 1973 conjunctim.
597 1888 649 1954 Sic
663 1889 695 1951 in
711 1888 888 1976 regionibus
902 1888 956 1952 ubi
971 1888 1105 1975 gravitas
1119 1888 1320 1952 acceleratrix
1334 1885 1431 1972 duplo
1445 1888 1505 1951 mi·

208 2018 267 2059 nor
282 2008 336 2072 est,
358 1995 482 2080 pondus
496 1995 635 2080 corporis
649 1995 746 2080 duplo
760 1996 809 2059 vel
824 1995 917 2080 triplo
931 1995 1058 2059 minoris
1073 1995 1132 2059 erit
1146 1993 1321 2082 quadruplo
1333 1993 1383 2059 vel
1398 2007 1505 2060 sextu-

206 2103 261 2189 plo
275 2103 389 2168 minus.

253 2210 356 2273 Porro
372 2207 568 2271 attractiones
580 2219 612 2270 et
625 2207 775 2292 impulsus
789 2207 899 2272 eodem
908 2231 998 2272 sensu
1009 2207 1237 2273 acceleratrioes
1245 2221 1276 2272 et
1286 2208 1433 2273 inotrioes
1444 2230 1503 2272 no-

206 2316 302 2378 mino.
348 2315 448 2378 Voces
463 2325 565 2376 autem
583 2315 793 2393 Attractionis,
812 2315 976 2399 lmprdsus,
993 2317 1042 2380 vel
1059 2316 1279 2402 Propensionis
1293 2317 1503 2402 cujuscunque

206 2423 240 2485 in
255 2435 406 2499 centrum,
430 2421 640 2485 indifferenter
649 2436 680 2486 et
693 2445 752 2506 pro
767 2445 799 2486 se
814 2421 922 2487 mutud
933 2423 1106 2509 promiscue
1121 2446 1250 2509 usurp03
1272 2423 1328 2487 has
1342 2424 1423 2487 vires
1436 2445 1504 2487 non

210 2528 352 2617 Physice,
369 2528 422 2593 sed
439 2527 662 2593 Mathematici
677 2527 797 2593 tantrim
812 2530 1046 2596 considerando.
1091 2531 1187 2598 Unde
1206 2542 1312 2595 caveat
1331 2530 1437 2608 lector,
1461 2552 1502 2595 ne

205 2658 265 2722 per
291 2636 467 2722 hujusmodi
493 2659 582 2701 voces
608 2638 723 2725 cogitet
736 2660 787 2702 me
811 2639 943 2723 speciem
958 2640 1007 2703 vel
1030 2638 1162 2703 modum
1186 2638 1313 2702 actionis
1338 2660 1503 2702 causamve

204 2758 258 2808 aut
272 2746 423 2808 rationem
440 2742 604 2830 Physicam
618 2744 731 2808 alicubi
745 2745 885 2824 definire,
910 2747 959 2810 vel
974 2747 1086 2811 centris
1101 2750 1185 2832 (quae
1210 2757 1281 2808 sunt
1294 2756 1410 2830 puncta
1425 2745 1501 2810 Ma-

203 2852 381 2931 tlrematica)
397 2853 476 2917 vires
490 2851 561 2916 vere
576 2852 606 2916 dt
622 2851 754 2939 Physice
768 2853 920 2931 tribuere3
947 2854 972 2917 si
996 2853 1079 2918 forte
1093 2867 1147 2918 aut
1161 2866 1268 2917 centra
1281 2851 1413 2930 trahere,
1445 2867 1501 2917 aut

203 2961 281 3024 vires
296 2978 472 3024 centrorum
488 2984 552 3025 esse
566 2960 686 3026 dixero.

747 3214 756 3231 ¹
768 3147 922 3211 Scholion.

244 3357 407 3421 Hactenus
420 3377 511 3419 voces
525 3355 627 3418 minus
641 3365 739 3432 notas,
767 3376 829 3441 quo
844 3376 934 3418 sensu
948 3354 981 3417 in
996 3352 1191 3439 sequentibus
1205 3349 1393 3437 accipiendae
1424 3351 1497 3432 sint,

200 3464 357 3549 explicare
371 3463 472 3528 visum
492 3473 546 3526 est.
599 3462 748 3546 Tempus,
774 3461 925 3545 Spatimn,
950 3462 1071 3526 Locum
1091 3472 1122 3523 et
1142 3459 1279 3536 Motum,
1302 3469 1338 3520 ut
1352 3458 1498 3525 omnibus

200 3573 368 3650 notissima,
384 3593 448 3633 non
463 3569 589 3633 definio.
633 3569 816 3633 Notandum
831 3582 944 3646 tamen,
969 3566 1054 3654 quod
1073 3566 1183 3653 vulgus
1198 3564 1381 3651 quantitates
1404 3563 1498 3632 hasce

200 3701 264 3742 non
273 3681 361 3743 aliter
376 3700 469 3765 quam
484 3700 523 3741 ex
538 3677 685 3741 relatione
694 3677 734 3741 ad
743 3677 897 3741 sensibilia
906 3676 1068 3760 concipiat.
1114 3674 1157 3738 Et
1170 3672 1243 3735 inde
1257 3671 1400 3735 oriuntur
1413 3696 1497 3759 prae-

195 3785 313 3871 judicia
328 3785 479 3874 quadam,
501 3784 611 3871 quibus
626 3784 769 3848 tollendis
784 3785 928 3848 convenit
942 3782 1065 3847 easdem
1079 3781 1113 3844 in
1128 3779 1281 3844 absolutas
1296 3790 1327 3842 et
1340 3779 1494 3862 relativas,

200 3915 287 3957 veras
302 3906 333 3957 et
347 3903 538 3977 apparentes,
555 3890 786 3955 mathematicas
801 3903 832 3955 et
846 3892 987 3979 vulgares
1001 3887 1158 3975 distingui.

245 3997 284 4084 (ι)
308 4001 334 4064 1.
358 4000 498 4082 Tempus
522 3998 718 4077 Absolutum,
742 4021 858 4076 verum,
882 4010 914 4062 et
936 3995 1198 4072 mathematicum,
1221 3992 1304 4057 inse
1329 4004 1361 4057 et
1382 3995 1494 4059 natura

201 4104 254 4169 suri
271 4106 337 4170 sine
352 4105 500 4170 relatione
515 4104 555 4168 ad
570 4117 733 4169 externum
748 4105 887 4193 quodvis,
914 4103 1108 4191 aequabiliter
1120 4101 1198 4180 fluit,
1225 4100 1347 4188 alioque
1365 4101 1495 4167 nomine

199 4213 312 4277 dicitur
327 4213 475 4278 Duratio:
501 4212 686 4290 Relativum,
712 4235 872 4299 apparens,
900 4225 932 4277 et
945 4211 1072 4300 vulgare
1091 4222 1138 4273 est
1156 4209 1305 4274 sensibilis
1320 4221 1351 4272 et
1364 4221 1494 4274 externa

199 4321 314 4408 quaevis
334 4320 516 4386 Durationis
525 4342 583 4405 per
597 4334 716 4383 motum
730 4343 874 4385 mensura
889 4325 958 4407 (seu
972 4329 1114 4383 accurata
1129 4340 1182 4382 seu
1206 4315 1410 4403 irraequabilis)
1431 4317 1492 4403 quir

198 4428 307 4516 vulgus
322 4428 388 4491 vice
403 4429 466 4492 veri
482 4429 628 4512 temporis
642 4428 755 4505 utitur;
778 4440 813 4492 ut
828 4429 930 4506 Hora,
947 4427 1034 4505 Dies,
1059 4425 1187 4505 Mensis,
1206 4427 1326 4490 Annus.

242 4536 286 4602 ΙΙ.
304 4535 444 4620 Spatium
461 4535 656 4612 Absolutum,
673 4535 781 4598 naturai
797 4536 850 4599 sud
871 4536 936 4598 sine
951 4534 1098 4598 relatione
1112 4533 1152 4597 ad
1167 4545 1330 4597 externum
1350 4531 1490 4617 quodvis,

198 4666 319 4728 semper
333 4654 437 4705 manet
445 4642 616 4707 similare&
627 4642 797 4706 immobile:
823 4642 999 4707 Relativum
1010 4654 1056 4706 est
1070 4641 1158 4727 spatii
1173 4639 1264 4724 hujus
1278 4659 1422 4702 mensura
1437 4662 1490 4703 seu

197 4750 348 4818 dimensio
362 4748 508 4836 quaelibet
522 4748 652 4827 mobilis,
669 4772 739 4836 quae
753 4774 773 4814 a
791 4748 928 4814 sensibus
942 4751 1054 4814 nostris
1073 4770 1130 4835 per
1144 4747 1237 4810 situm
1261 4766 1351 4807 suum
1365 4745 1405 4809 ad
1421 4767 1491 4810 cor·

230 4895 267 4957 (k)
287 4901 324 4943 16.
360 4893 567 4950 Quunadmoddm
588 4895 721 4941 Geornatrae
742 4894 828 4942 lineam
860 4905 912 4943 turn
919 4889 1370 4950 mmmridmnfflnrepommus,
1377 4899 1489 4953 tanquam

199 4957 264 5007 fluxu
276 4959 355 5021 puncti
366 4959 470 5023 gemui
482 4958 581 5022 tingunt,
593 4959 626 5006 ita
632 4960 827 5021 ampusabsola·
858 4960 995 5024 aquabilem
1012 4959 1084 5007 anim
1100 4953 1206 5003 muniis
1222 4970 1264 5002 seu
1281 4954 1362 5017 puncti
1380 4956 1490 5016 temporis
