<?xml version="1.0" encoding="UTF-8"?>
<!DOCTYPE html PUBLIC "-//W3C//DTD XHTML 1.0 Transitional//EN"
    "http://www.w3.org/TR/xhtml1/DTD/xhtml1-transitional.dtd">
<html xmlns="http://www.w3.org/1999/xhtml" xml:lang="en" lang="en">
 <head>
  <title>
</title>
<meta http-equiv="Content-Type" content="text/html;charset=utf-8" />
  <meta name='ocr-system' content='tesseract 3.04.00' />
  <meta name='ocr-capabilities' content='ocr_page ocr_carea ocr_par ocr_line ocrx_word'/>
</head>
<body>
  <div class='ocr_page' id='page_1' title='image "./philosophiaenat00newtgoog_0710.png"; bbox 0 0 3188 5444; ppageno 0'>
   <div class='ocr_carea' id='block_1_1' title="bbox 238 456 1529 538">
    <p class='ocr_par' dir='ltr' id='par_1_1' title="bbox 238 456 1529 538">
     <span class='ocr_line' id='line_1_1' title="bbox 238 456 1529 538; baseline 0.003 -19"><span class='ocrx_word' id='word_1_1' title='bbox 238 459 297 533; x_wconf 79' lang='lat'>672</span> <span class='ocrx_word' id='word_1_2' title='bbox 552 457 897 531; x_wconf 86' lang='lat' dir='ltr'>PHILOSOPHIAE</span> <span class='ocrx_word' id='word_1_3' title='bbox 920 456 1197 524; x_wconf 82' lang='lat' dir='ltr'>NATURALIS</span> <span class='ocrx_word' id='word_1_4' title='bbox 1244 456 1361 538; x_wconf 81' lang='lat' dir='ltr'>[Mor.</span> <span class='ocrx_word' id='word_1_5' title='bbox 1377 456 1529 523; x_wconf 74' lang='lat' dir='ltr'>Conon</span> 
     </span>
    </p>
   </div>
   <div class='ocr_carea' id='block_1_2' title="bbox 224 627 1529 810">
    <p class='ocr_par' dir='ltr' id='par_1_2' title="bbox 224 627 1529 810">
     <span class='ocr_line' id='line_1_2' title="bbox 225 627 1529 718; baseline -0.006 -14"><span class='ocrx_word' id='word_1_6' title='bbox 225 644 266 707; x_wconf 88' lang='grc'>17</span> <span class='ocrx_word' id='word_1_7' title='bbox 294 649 327 703; x_wconf 91' lang='lat' dir='ltr'>et</span> <span class='ocrx_word' id='word_1_8' title='bbox 361 645 411 713; x_wconf 87' lang='lat'>18,</span> <span class='ocrx_word' id='word_1_9' title='bbox 448 632 658 699; x_wconf 77' lang='lat' dir='ltr'>describentes</span> <span class='ocrx_word' id='word_1_10' title='bbox 695 629 892 697; x_wconf 77' lang='lat' dir='ltr'>altitudinem</span> <span class='ocrx_word' id='word_1_11' title='bbox 928 627 1047 713; x_wconf 87' lang='lat' dir='ltr'>pedum</span> <span class='ocrx_word' id='word_1_12' title='bbox 1082 628 1266 714; x_wconf 89' lang='lat' dir='ltr'>quindecim</span> <span class='ocrx_word' id='word_1_13' title='bbox 1297 641 1334 694; x_wconf 91' lang='lat' dir='ltr'>et</span> <span class='ocrx_word' id='word_1_14' title='bbox 1361 629 1529 718; x_wconf 79' lang='lat' dir='ltr'>digitorum</span> 
     </span>
     <span class='ocr_line' id='line_1_3' title="bbox 224 743 370 810; baseline -0.027 0"><span class='ocrx_word' id='word_1_15' title='bbox 224 743 370 810; x_wconf 89' lang='lat' dir='ltr'>duorum.</span> 
     </span>
    </p>
   </div>
   <div class='ocr_carea' id='block_1_3' title="bbox 129 846 1529 937">
    <p class='ocr_par' dir='ltr' id='par_1_3' title="bbox 129 846 1529 937">
     <span class='ocr_line' id='line_1_4' title="bbox 129 846 1529 937; baseline -0.001 -20"><span class='ocrx_word' id='word_1_16' title='bbox 129 913 139 937; x_wconf 84' lang='lat'>.</span> <span class='ocrx_word' id='word_1_17' title='bbox 267 853 331 917; x_wconf 85' lang='lat' dir='ltr'>Per·</span> <span class='ocrx_word' id='word_1_18' title='bbox 362 848 517 916; x_wconf 88' lang='lat' dir='ltr'>theoriam</span> <span class='ocrx_word' id='word_1_19' title='bbox 549 846 661 913; x_wconf 89' lang='lat' dir='ltr'>cadere</span> <span class='ocrx_word' id='word_1_20' title='bbox 693 847 871 913; x_wconf 88' lang='lat' dir='ltr'>debuerunt</span> <span class='ocrx_word' id='word_1_21' title='bbox 900 857 1043 931; x_wconf 86' lang='lat' dir='ltr'>tempore</span> <span class='ocrx_word' id='word_1_22' title='bbox 1076 847 1315 913; x_wconf 79' lang='lat' dir='ltr'>oscillatiouum</span> <span class='ocrx_word' id='word_1_23' title='bbox 1350 857 1394 915; x_wconf 79' lang='lat'>15</span> <span class='ocrx_word' id='word_1_24' title='bbox 1424 872 1529 936; x_wconf 81' lang='lat' dir='ltr'>quam-</span> 
     </span>
    </p>
   </div>
   <div class='ocr_carea' id='block_1_4' title="bbox 222 985 1529 4314">
    <p class='ocr_par' dir='ltr' id='par_1_4' title="bbox 222 985 378 1046">
     <span class='ocr_line' id='line_1_5' title="bbox 222 985 378 1046; baseline -0.013 -19"><span class='ocrx_word' id='word_1_25' title='bbox 222 985 378 1046; x_wconf 81' lang='lat' dir='ltr'>proxime.</span> 
     </span>
    </p>

    <p class='ocr_par' dir='ltr' id='par_1_5' title="bbox 223 1063 1528 1454">
     <span class='ocr_line' id='line_1_6' title="bbox 265 1063 1528 1157; baseline 0.002 -26"><span class='ocrx_word' id='word_1_26' title='bbox 265 1072 382 1152; x_wconf 75' lang='lat' dir='ltr'>Erper.</span> <span class='ocrx_word' id='word_1_27' title='bbox 400 1074 429 1138; x_wconf 84' lang='lat'>7.</span> <span class='ocrx_word' id='word_1_28' title='bbox 476 1064 574 1130; x_wconf 92' lang='lat' dir='ltr'>Globi</span> <span class='ocrx_word' id='word_1_29' title='bbox 597 1076 732 1151; x_wconf 88' lang='lat' dir='ltr'>quatuor</span> <span class='ocrx_word' id='word_1_30' title='bbox 752 1063 894 1150; x_wconf 88' lang='lat' dir='ltr'>pondere</span> <span class='ocrx_word' id='word_1_31' title='bbox 912 1068 996 1146; x_wconf 63' lang='lat'>29³2</span> <span class='ocrx_word' id='word_1_32' title='bbox 1011 1087 1101 1152; x_wconf 86' lang='lat' dir='ltr'>gran.</span> <span class='ocrx_word' id='word_1_33' title='bbox 1116 1066 1152 1131; x_wconf 89' lang='lat' dir='ltr'>in</span> <span class='ocrx_word' id='word_1_34' title='bbox 1165 1068 1240 1130; x_wconf 84' lang='lat' dir='ltr'>a&#39;e’re</span> <span class='ocrx_word' id='word_1_35' title='bbox 1255 1078 1292 1130; x_wconf 86' lang='lat' dir='ltr'>et</span> <span class='ocrx_word' id='word_1_36' title='bbox 1309 1072 1373 1151; x_wconf 65' lang='grc'>351</span> <span class='ocrx_word' id='word_1_37' title='bbox 1389 1090 1479 1157; x_wconf 74' lang='lat' dir='ltr'>gran.</span> <span class='ocrx_word' id='word_1_38' title='bbox 1498 1071 1528 1133; x_wconf 85' lang='lat' dir='ltr'>in</span> 
     </span>
     <span class='ocr_line' id='line_1_7' title="bbox 223 1170 1526 1262; baseline 0.002 -24"><span class='ocrx_word' id='word_1_39' title='bbox 223 1174 304 1262; x_wconf 73' lang='lat' dir='ltr'>aquil</span> <span class='ocrx_word' id='word_1_40' title='bbox 320 1196 405 1258; x_wconf 86' lang='lat' dir='ltr'>soepe</span> <span class='ocrx_word' id='word_1_41' title='bbox 420 1171 558 1248; x_wconf 83' lang='lat' dir='ltr'><strong>demissi,</strong></span> <span class='ocrx_word' id='word_1_42' title='bbox 582 1171 737 1236; x_wconf 76' lang='lat' dir='ltr'><strong>cadebant</strong></span> <span class='ocrx_word' id='word_1_43' title='bbox 757 1184 899 1255; x_wconf 86' lang='lat' dir='ltr'>tempore</span> <span class='ocrx_word' id='word_1_44' title='bbox 913 1170 1144 1239; x_wconf 80' lang='lat' dir='ltr'>oscillatiouum</span> <span class='ocrx_word' id='word_1_45' title='bbox 1158 1177 1234 1254; x_wconf 61' lang='grc'>991,</span> <span class='ocrx_word' id='word_1_46' title='bbox 1252 1181 1311 1250; x_wconf 87' lang='grc'>30,</span> <span class='ocrx_word' id='word_1_47' title='bbox 1330 1179 1408 1257; x_wconf 68' lang='grc' dir='ltr'>11οᾖ,</span> <span class='ocrx_word' id='word_1_48' title='bbox 1425 1184 1473 1254; x_wconf 84' lang='lat' dir='ltr'>sl,</span> <span class='ocrx_word' id='word_1_49' title='bbox 1488 1185 1526 1241; x_wconf 70' lang='lat'>83</span> 
     </span>
     <span class='ocr_line' id='line_1_8' title="bbox 228 1279 1524 1371; baseline 0.003 -24"><span class='ocrx_word' id='word_1_50' title='bbox 228 1296 260 1348; x_wconf 92' lang='lat' dir='ltr'>et</span> <span class='ocrx_word' id='word_1_51' title='bbox 282 1292 335 1359; x_wconf 78' lang='grc'>33,</span> <span class='ocrx_word' id='word_1_52' title='bbox 360 1281 572 1346; x_wconf 79' lang='lat' dir='ltr'>describentes</span> <span class='ocrx_word' id='word_1_53' title='bbox 598 1279 794 1347; x_wconf 79' lang='lat' dir='ltr'>altitudinem</span> <span class='ocrx_word' id='word_1_54' title='bbox 819 1280 939 1365; x_wconf 85' lang='lat' dir='ltr'>pedum</span> <span class='ocrx_word' id='word_1_55' title='bbox 961 1281 1141 1368; x_wconf 88' lang='lat' dir='ltr'>quindecim</span> <span class='ocrx_word' id='word_1_56' title='bbox 1165 1295 1200 1346; x_wconf 89' lang='lat' dir='ltr'>et</span> <span class='ocrx_word' id='word_1_57' title='bbox 1222 1281 1322 1371; x_wconf 82' lang='lat' dir='ltr'>digiti</span> <span class='ocrx_word' id='word_1_58' title='bbox 1349 1286 1439 1350; x_wconf 82' lang='lat' dir='ltr'>unius</span> <span class='ocrx_word' id='word_1_59' title='bbox 1457 1308 1524 1351; x_wconf 85' lang='lat' dir='ltr'>cum</span> 
     </span>
     <span class='ocr_line' id='line_1_9' title="bbox 225 1412 364 1454; baseline 0 0"><span class='ocrx_word' id='word_1_60' title='bbox 225 1412 364 1454; x_wconf 78' lang='lat' dir='ltr'>semisse.</span> 
     </span>
    </p>

    <p class='ocr_par' dir='ltr' id='par_1_6' title="bbox 225 1495 1523 1699">
     <span class='ocr_line' id='line_1_10' title="bbox 269 1495 1523 1588; baseline 0.001 -23"><span class='ocrx_word' id='word_1_61' title='bbox 269 1502 345 1566; x_wconf 85' lang='lat' dir='ltr'>Per·</span> <span class='ocrx_word' id='word_1_62' title='bbox 363 1497 516 1563; x_wconf 88' lang='lat' dir='ltr'>theoriam</span> <span class='ocrx_word' id='word_1_63' title='bbox 551 1495 663 1562; x_wconf 87' lang='lat' dir='ltr'>cadere</span> <span class='ocrx_word' id='word_1_64' title='bbox 693 1496 872 1563; x_wconf 88' lang='lat' dir='ltr'>debuerunt</span> <span class='ocrx_word' id='word_1_65' title='bbox 903 1506 1045 1581; x_wconf 86' lang='lat' dir='ltr'>tempore</span> <span class='ocrx_word' id='word_1_66' title='bbox 1077 1495 1320 1565; x_wconf 84' lang='lat' dir='ltr'>oscillatiouum</span> <span class='ocrx_word' id='word_1_67' title='bbox 1351 1508 1396 1566; x_wconf 72' lang='lat'>28</span> <span class='ocrx_word' id='word_1_68' title='bbox 1428 1523 1523 1588; x_wconf 71' lang='lat' dir='ltr'>qums</span> 
     </span>
     <span class='ocr_line' id='line_1_11' title="bbox 225 1607 381 1699; baseline -0.019 -24"><span class='ocrx_word' id='word_1_69' title='bbox 225 1607 381 1699; x_wconf 72' lang='lat' dir='ltr'>proxime.</span> 
     </span>
    </p>

    <p class='ocr_par' dir='ltr' id='par_1_7' title="bbox 226 1713 1529 3539">
     <span class='ocr_line' id='line_1_12' title="bbox 271 1713 1527 1807; baseline 0.004 -27"><span class='ocrx_word' id='word_1_70' title='bbox 271 1717 408 1781; x_wconf 83' lang='lat' dir='ltr'><strong>Causam</strong></span> <span class='ocrx_word' id='word_1_71' title='bbox 422 1713 639 1803; x_wconf 84' lang='lat' dir='ltr'>investigando</span> <span class='ocrx_word' id='word_1_72' title='bbox 654 1734 710 1778; x_wconf 91' lang='lat' dir='ltr'>cur</span> <span class='ocrx_word' id='word_1_73' title='bbox 724 1713 902 1800; x_wconf 89' lang='lat' dir='ltr'>globorum,</span> <span class='ocrx_word' id='word_1_74' title='bbox 917 1714 1057 1799; x_wconf 84' lang='lat' dir='ltr'>ejusdem</span> <span class='ocrx_word' id='word_1_75' title='bbox 1071 1715 1223 1799; x_wconf 84' lang='lat' dir='ltr'>ponderis</span> <span class='ocrx_word' id='word_1_76' title='bbox 1243 1731 1282 1782; x_wconf 89' lang='lat' dir='ltr'>et</span> <span class='ocrx_word' id='word_1_77' title='bbox 1297 1720 1527 1807; x_wconf 70' lang='lat' dir='ltr'>magnitudinis,</span> 
     </span>
     <span class='ocr_line' id='line_1_13' title="bbox 226 1823 1529 1914; baseline 0.003 -24"><span class='ocrx_word' id='word_1_78' title='bbox 226 1826 324 1911; x_wconf 83' lang='lat' dir='ltr'>aliqui</span> <span class='ocrx_word' id='word_1_79' title='bbox 340 1826 430 1889; x_wconf 87' lang='lat' dir='ltr'>citius</span> <span class='ocrx_word' id='word_1_80' title='bbox 446 1824 497 1888; x_wconf 90' lang='lat' dir='ltr'>alii</span> <span class='ocrx_word' id='word_1_81' title='bbox 513 1824 632 1887; x_wconf 90' lang='lat' dir='ltr'>tardius</span> <span class='ocrx_word' id='word_1_82' title='bbox 655 1823 813 1902; x_wconf 82' lang='lat' dir='ltr'>caderent,</span> <span class='ocrx_word' id='word_1_83' title='bbox 836 1824 870 1889; x_wconf 93' lang='lat' dir='ltr'>in</span> <span class='ocrx_word' id='word_1_84' title='bbox 884 1824 967 1889; x_wconf 88' lang='lat' dir='ltr'>hanc</span> <span class='ocrx_word' id='word_1_85' title='bbox 982 1823 1095 1903; x_wconf 87' lang='lat' dir='ltr'>incidi;</span> <span class='ocrx_word' id='word_1_86' title='bbox 1117 1825 1206 1910; x_wconf 93' lang='lat' dir='ltr'>quod</span> <span class='ocrx_word' id='word_1_87' title='bbox 1220 1826 1316 1914; x_wconf 90' lang='lat' dir='ltr'>globi</span> <span class='ocrx_word' id='word_1_88' title='bbox 1334 1829 1391 1893; x_wconf 91' lang='lat' dir='ltr'>ubi</span> <span class='ocrx_word' id='word_1_89' title='bbox 1405 1830 1529 1914; x_wconf 85' lang='lat' dir='ltr'>primun</span> 
     </span>
     <span class='ocr_line' id='line_1_14' title="bbox 226 1934 1529 2021; baseline 0.003 -20"><span class='ocrx_word' id='word_1_90' title='bbox 226 1936 472 2002; x_wconf 85' lang='lat' dir='ltr'>demittebantur</span> <span class='ocrx_word' id='word_1_91' title='bbox 487 1948 519 2000; x_wconf 92' lang='lat' dir='ltr'>et</span> <span class='ocrx_word' id='word_1_92' title='bbox 533 1935 646 2001; x_wconf 90' lang='lat' dir='ltr'>cadere</span> <span class='ocrx_word' id='word_1_93' title='bbox 660 1935 862 2021; x_wconf 87' lang='lat' dir='ltr'>incipiebant,</span> <span class='ocrx_word' id='word_1_94' title='bbox 886 1934 1065 2001; x_wconf 85' lang='lat' dir='ltr'>oscillareut</span> <span class='ocrx_word' id='word_1_95' title='bbox 1079 1935 1199 1999; x_wconf 90' lang='lat' dir='ltr'>circum</span> <span class='ocrx_word' id='word_1_96' title='bbox 1222 1949 1352 2016; x_wconf 85' lang='lat' dir='ltr'>centra,</span> <span class='ocrx_word' id='word_1_97' title='bbox 1377 1939 1529 2005; x_wconf 79' lang='lat' dir='ltr'>lateraillo</span> 
     </span>
     <span class='ocr_line' id='line_1_15' title="bbox 226 2041 1529 2136; baseline 0.005 -30"><span class='ocrx_word' id='word_1_98' title='bbox 226 2043 313 2129; x_wconf 91' lang='lat' dir='ltr'>quod</span> <span class='ocrx_word' id='word_1_99' title='bbox 326 2042 407 2107; x_wconf 91' lang='lat' dir='ltr'>forte</span> <span class='ocrx_word' id='word_1_100' title='bbox 421 2042 547 2130; x_wconf 78' lang='lat' dir='ltr'>gravius</span> <span class='ocrx_word' id='word_1_101' title='bbox 562 2055 644 2108; x_wconf 88' lang='lat' dir='ltr'>esset</span> <span class='ocrx_word' id='word_1_102' title='bbox 657 2043 796 2127; x_wconf 90' lang='lat' dir='ltr'>primum</span> <span class='ocrx_word' id='word_1_103' title='bbox 811 2041 1031 2119; x_wconf 83' lang='lat' dir='ltr'>descendente,</span> <span class='ocrx_word' id='word_1_104' title='bbox 1052 2055 1086 2107; x_wconf 91' lang='lat' dir='ltr'>et</span> <span class='ocrx_word' id='word_1_105' title='bbox 1098 2055 1223 2108; x_wconf 89' lang='lat' dir='ltr'>motum</span> <span class='ocrx_word' id='word_1_106' title='bbox 1238 2045 1473 2113; x_wconf 80' lang='lat' dir='ltr'>oscillatorium</span> <span class='ocrx_word' id='word_1_107' title='bbox 1484 2071 1529 2136; x_wconf 82' lang='lat' dir='ltr'>ge·</span> 
     </span>
     <span class='ocr_line' id='line_1_16' title="bbox 227 2149 1529 2238; baseline 0.008 -25"><span class='ocrx_word' id='word_1_108' title='bbox 227 2163 367 2215; x_wconf 87' lang='lat' dir='ltr'>nerante.</span> <span class='ocrx_word' id='word_1_109' title='bbox 414 2149 498 2216; x_wconf 87' lang='lat' dir='ltr'>Nam</span> <span class='ocrx_word' id='word_1_110' title='bbox 513 2172 571 2236; x_wconf 87' lang='lat' dir='ltr'>per</span> <span class='ocrx_word' id='word_1_111' title='bbox 585 2149 891 2215; x_wconf 88' lang='lat' dir='ltr'>oscillationessuas</span> <span class='ocrx_word' id='word_1_112' title='bbox 905 2149 1018 2238; x_wconf 79' lang='lat' dir='ltr'>globus</span> <span class='ocrx_word' id='word_1_113' title='bbox 1039 2151 1191 2235; x_wconf 84' lang='lat' dir='ltr'>majorem</span> <span class='ocrx_word' id='word_1_114' title='bbox 1212 2168 1347 2218; x_wconf 90' lang='lat' dir='ltr'>motum</span> <span class='ocrx_word' id='word_1_115' title='bbox 1369 2158 1529 2223; x_wconf 73' lang='lat' dir='ltr'>commum·</span> 
     </span>
     <span class='ocr_line' id='line_1_17' title="bbox 228 2258 1528 2348; baseline 0.005 -24"><span class='ocrx_word' id='word_1_116' title='bbox 228 2272 279 2324; x_wconf 93' lang='lat' dir='ltr'>cat</span> <span class='ocrx_word' id='word_1_117' title='bbox 299 2283 400 2348; x_wconf 87' lang='lat' dir='ltr'>aquae,</span> <span class='ocrx_word' id='word_1_118' title='bbox 429 2284 523 2346; x_wconf 88' lang='lat' dir='ltr'>quam</span> <span class='ocrx_word' id='word_1_119' title='bbox 546 2261 573 2324; x_wconf 88' lang='lat' dir='ltr'>si</span> <span class='ocrx_word' id='word_1_120' title='bbox 595 2261 663 2326; x_wconf 88' lang='lat' dir='ltr'>sine</span> <span class='ocrx_word' id='word_1_121' title='bbox 685 2258 932 2324; x_wconf 89' lang='lat' dir='ltr'>oscillationibns</span> <span class='ocrx_word' id='word_1_122' title='bbox 955 2259 1180 2337; x_wconf 60' lang='lat' dir='ltr'>descenderem</span> <span class='ocrx_word' id='word_1_123' title='bbox 1207 2273 1240 2328; x_wconf 86' lang='lat' dir='ltr'>et</span> <span class='ocrx_word' id='word_1_124' title='bbox 1261 2267 1528 2344; x_wconf 66' lang='lat' dir='ltr'>communicanda,</span> 
     </span>
     <span class='ocr_line' id='line_1_18' title="bbox 228 2366 1528 2460; baseline 0.005 -28"><span class='ocrx_word' id='word_1_125' title='bbox 228 2367 342 2433; x_wconf 90' lang='lat' dir='ltr'>amittit</span> <span class='ocrx_word' id='word_1_126' title='bbox 362 2379 484 2453; x_wconf 89' lang='lat' dir='ltr'>partem</span> <span class='ocrx_word' id='word_1_127' title='bbox 507 2366 610 2432; x_wconf 77' lang='lat' dir='ltr'>motin</span> <span class='ocrx_word' id='word_1_128' title='bbox 631 2368 753 2452; x_wconf 86' lang='lat' dir='ltr'>proprii</span> <span class='ocrx_word' id='word_1_129' title='bbox 767 2389 831 2453; x_wconf 93' lang='lat' dir='ltr'>quo</span> <span class='ocrx_word' id='word_1_130' title='bbox 852 2367 1042 2433; x_wconf 86' lang='lat' dir='ltr'>descendere</span> <span class='ocrx_word' id='word_1_131' title='bbox 1056 2367 1204 2436; x_wconf 74' lang='lat' dir='ltr'>deberetz</span> <span class='ocrx_word' id='word_1_132' title='bbox 1226 2383 1263 2436; x_wconf 90' lang='lat' dir='ltr'>et</span> <span class='ocrx_word' id='word_1_133' title='bbox 1277 2395 1343 2457; x_wconf 90' lang='lat' dir='ltr'>pro</span> <span class='ocrx_word' id='word_1_134' title='bbox 1358 2378 1477 2460; x_wconf 79' lang='lat' dir='ltr'>majore</span> <span class='ocrx_word' id='word_1_135' title='bbox 1489 2374 1528 2439; x_wconf 75' lang='lat' dir='ltr'>vel</span> 
     </span>
     <span class='ocr_line' id='line_1_19' title="bbox 229 2471 1528 2572; baseline 0.008 -35"><span class='ocrx_word' id='word_1_136' title='bbox 229 2472 351 2537; x_wconf 89' lang='lat' dir='ltr'>minore</span> <span class='ocrx_word' id='word_1_137' title='bbox 361 2471 565 2549; x_wconf 86' lang='lat' dir='ltr'>oscillatione,</span> <span class='ocrx_word' id='word_1_138' title='bbox 581 2473 682 2560; x_wconf 88' lang='lat' dir='ltr'>magis</span> <span class='ocrx_word' id='word_1_139' title='bbox 697 2472 747 2536; x_wconf 92' lang='lat' dir='ltr'>vel</span> <span class='ocrx_word' id='word_1_140' title='bbox 758 2472 862 2572; x_wconf 87' lang='lat' dir='ltr'>minus</span> <span class='ocrx_word' id='word_1_141' title='bbox 877 2472 1062 2538; x_wconf 89' lang='lat' dir='ltr'>retardatur.</span> <span class='ocrx_word' id='word_1_142' title='bbox 1097 2474 1288 2550; x_wconf 85' lang='lat' dir='ltr'>Quinetiam</span> <span class='ocrx_word' id='word_1_143' title='bbox 1299 2479 1421 2567; x_wconf 81' lang='lat' dir='ltr'>globus</span> <span class='ocrx_word' id='word_1_144' title='bbox 1435 2481 1528 2546; x_wconf 77' lang='lat' dir='ltr'>reddi</span> 
     </span>
     <span class='ocr_line' id='line_1_20' title="bbox 229 2579 1526 2676; baseline 0.008 -31"><span class='ocrx_word' id='word_1_145' title='bbox 229 2601 381 2663; x_wconf 87' lang='lat' dir='ltr'>sempera</span> <span class='ocrx_word' id='word_1_146' title='bbox 391 2579 488 2644; x_wconf 86' lang='lat' dir='ltr'>latere</span> <span class='ocrx_word' id='word_1_147' title='bbox 503 2601 560 2643; x_wconf 90' lang='lat' dir='ltr'>suo</span> <span class='ocrx_word' id='word_1_148' title='bbox 575 2580 660 2666; x_wconf 90' lang='lat' dir='ltr'>quod</span> <span class='ocrx_word' id='word_1_149' title='bbox 675 2601 733 2664; x_wconf 90' lang='lat' dir='ltr'>per</span> <span class='ocrx_word' id='word_1_150' title='bbox 748 2579 973 2646; x_wconf 88' lang='lat' dir='ltr'>oscillationem</span> <span class='ocrx_word' id='word_1_151' title='bbox 987 2580 1158 2659; x_wconf 82' lang='lat' dir='ltr'>descendit,</span> <span class='ocrx_word' id='word_1_152' title='bbox 1174 2595 1209 2648; x_wconf 87' lang='lat' dir='ltr'>et</span> <span class='ocrx_word' id='word_1_153' title='bbox 1222 2587 1417 2653; x_wconf 87' lang='lat' dir='ltr'>recedendo</span> <span class='ocrx_word' id='word_1_154' title='bbox 1429 2612 1526 2676; x_wconf 73' lang='lat' dir='ltr'>appio</span> 
     </span>
     <span class='ocr_line' id='line_1_21' title="bbox 227 2691 1526 2780; baseline 0.009 -26"><span class='ocrx_word' id='word_1_155' title='bbox 227 2691 362 2775; x_wconf 91' lang='lat' dir='ltr'>pinquat</span> <span class='ocrx_word' id='word_1_156' title='bbox 375 2691 524 2754; x_wconf 90' lang='lat' dir='ltr'>lateribus</span> <span class='ocrx_word' id='word_1_157' title='bbox 533 2691 614 2756; x_wconf 89' lang='lat' dir='ltr'>vasis</span> <span class='ocrx_word' id='word_1_158' title='bbox 624 2703 656 2755; x_wconf 90' lang='lat' dir='ltr'>et</span> <span class='ocrx_word' id='word_1_159' title='bbox 669 2692 702 2755; x_wconf 91' lang='lat' dir='ltr'>in</span> <span class='ocrx_word' id='word_1_160' title='bbox 716 2691 815 2756; x_wconf 87' lang='lat' dir='ltr'>latera</span> <span class='ocrx_word' id='word_1_161' title='bbox 828 2713 1054 2777; x_wconf 91' lang='lat' dir='ltr'>nonnunquam</span> <span class='ocrx_word' id='word_1_162' title='bbox 1068 2692 1267 2780; x_wconf 77' lang='lat' dir='ltr'>impingitur.</span> <span class='ocrx_word' id='word_1_163' title='bbox 1305 2697 1353 2762; x_wconf 81' lang='lat' dir='ltr'>Et</span> <span class='ocrx_word' id='word_1_164' title='bbox 1367 2699 1439 2765; x_wconf 75' lang='lat' dir='ltr'>haec</span> <span class='ocrx_word' id='word_1_165' title='bbox 1451 2700 1526 2766; x_wconf 78' lang='lat' dir='ltr'>ostil-</span> 
     </span>
     <span class='ocr_line' id='line_1_22' title="bbox 228 2796 1523 2900; baseline 0.009 -40"><span class='ocrx_word' id='word_1_166' title='bbox 228 2796 305 2861; x_wconf 89' lang='lat' dir='ltr'>latio</span> <span class='ocrx_word' id='word_1_167' title='bbox 319 2798 352 2860; x_wconf 93' lang='lat' dir='ltr'>in</span> <span class='ocrx_word' id='word_1_168' title='bbox 366 2798 469 2886; x_wconf 87' lang='lat' dir='ltr'>globis</span> <span class='ocrx_word' id='word_1_169' title='bbox 490 2799 687 2888; x_wconf 84' lang='lat' dir='ltr'>gravioribus</span> <span class='ocrx_word' id='word_1_170' title='bbox 708 2798 818 2865; x_wconf 90' lang='lat' dir='ltr'>fortior</span> <span class='ocrx_word' id='word_1_171' title='bbox 839 2812 896 2879; x_wconf 81' lang='lat' dir='ltr'>est,</span> <span class='ocrx_word' id='word_1_172' title='bbox 918 2799 952 2864; x_wconf 92' lang='lat' dir='ltr'>in</span> <span class='ocrx_word' id='word_1_173' title='bbox 973 2800 1143 2884; x_wconf 89' lang='lat' dir='ltr'>majoribus</span> <span class='ocrx_word' id='word_1_174' title='bbox 1162 2824 1285 2888; x_wconf 84' lang='lat' dir='ltr'>aquam</span> <span class='ocrx_word' id='word_1_175' title='bbox 1308 2811 1416 2897; x_wconf 77' lang='lat' dir='ltr'>magis</span> <span class='ocrx_word' id='word_1_176' title='bbox 1436 2811 1523 2900; x_wconf 60' lang='grc' dir='ltr'><strong><em>ψ</em></strong></span> 
     </span>
     <span class='ocr_line' id='line_1_23' title="bbox 230 2907 1523 3001; baseline 0.008 -30"><span class='ocrx_word' id='word_1_177' title='bbox 230 2907 443 2994; x_wconf 74' lang='lat' dir='ltr'>Quipropter,</span> <span class='ocrx_word' id='word_1_178' title='bbox 471 2923 507 2973; x_wconf 86' lang='lat' dir='ltr'>ut</span> <span class='ocrx_word' id='word_1_179' title='bbox 527 2908 680 2973; x_wconf 87' lang='lat' dir='ltr'>oscillatio</span> <span class='ocrx_word' id='word_1_180' title='bbox 704 2909 873 2997; x_wconf 91' lang='lat' dir='ltr'>globorum</span> <span class='ocrx_word' id='word_1_181' title='bbox 890 2909 994 2974; x_wconf 91' lang='lat' dir='ltr'>minor</span> <span class='ocrx_word' id='word_1_182' title='bbox 1012 2908 1208 2990; x_wconf 86' lang='lat' dir='ltr'>redderetur,</span> <span class='ocrx_word' id='word_1_183' title='bbox 1236 2914 1362 3001; x_wconf 88' lang='lat' dir='ltr'>globos</span> <span class='ocrx_word' id='word_1_184' title='bbox 1382 2940 1477 2984; x_wconf 78' lang='lat' dir='ltr'>noros</span> <span class='ocrx_word' id='word_1_185' title='bbox 1493 2940 1523 2981; x_wconf 80' lang='lat' dir='ltr'>er</span> 
     </span>
     <span class='ocr_line' id='line_1_24' title="bbox 229 3017 1523 3113; baseline 0.008 -31"><span class='ocrx_word' id='word_1_186' title='bbox 229 3018 300 3082; x_wconf 70' lang='lat' dir='ltr'>ceri</span> <span class='ocrx_word' id='word_1_187' title='bbox 326 3030 359 3083; x_wconf 90' lang='lat' dir='ltr'>et</span> <span class='ocrx_word' id='word_1_188' title='bbox 380 3018 512 3103; x_wconf 91' lang='lat' dir='ltr'>plumbo</span> <span class='ocrx_word' id='word_1_189' title='bbox 535 3017 707 3094; x_wconf 88' lang='lat' dir='ltr'>construxi,</span> <span class='ocrx_word' id='word_1_190' title='bbox 738 3017 900 3106; x_wconf 86' lang='lat' dir='ltr'>infigendo</span> <span class='ocrx_word' id='word_1_191' title='bbox 925 3017 1091 3102; x_wconf 89' lang='lat' dir='ltr'>plumbum</span> <span class='ocrx_word' id='word_1_192' title='bbox 1117 3019 1151 3083; x_wconf 93' lang='lat' dir='ltr'>in</span> <span class='ocrx_word' id='word_1_193' title='bbox 1175 3019 1262 3085; x_wconf 88' lang='lat' dir='ltr'>latus</span> <span class='ocrx_word' id='word_1_194' title='bbox 1291 3023 1428 3113; x_wconf 91' lang='lat' dir='ltr'>aliquod</span> <span class='ocrx_word' id='word_1_195' title='bbox 1453 3024 1523 3113; x_wconf 81' lang='lat' dir='ltr'>globi</span> 
     </span>
     <span class='ocr_line' id='line_1_25' title="bbox 229 3123 1523 3217; baseline 0.009 -30"><span class='ocrx_word' id='word_1_196' title='bbox 229 3146 328 3211; x_wconf 91' lang='lat' dir='ltr'>prope</span> <span class='ocrx_word' id='word_1_197' title='bbox 343 3124 541 3208; x_wconf 83' lang='lat' dir='ltr'>superficiem</span> <span class='ocrx_word' id='word_1_198' title='bbox 557 3126 624 3208; x_wconf 88' lang='lat' dir='ltr'>ejus</span> <span class='ocrx_word' id='word_1_199' title='bbox 632 3147 642 3199; x_wconf 94' lang='lat'>;</span> <span class='ocrx_word' id='word_1_200' title='bbox 656 3138 688 3187; x_wconf 90' lang='lat' dir='ltr'>et</span> <span class='ocrx_word' id='word_1_201' title='bbox 700 3123 832 3211; x_wconf 87' lang='lat' dir='ltr'>globum</span> <span class='ocrx_word' id='word_1_202' title='bbox 847 3125 890 3188; x_wconf 90' lang='lat' dir='ltr'>ita</span> <span class='ocrx_word' id='word_1_203' title='bbox 904 3124 1026 3205; x_wconf 86' lang='lat' dir='ltr'>demisi,</span> <span class='ocrx_word' id='word_1_204' title='bbox 1043 3139 1078 3191; x_wconf 92' lang='lat' dir='ltr'>ut</span> <span class='ocrx_word' id='word_1_205' title='bbox 1091 3125 1174 3192; x_wconf 79' lang='lat' dir='ltr'>latus</span> <span class='ocrx_word' id='word_1_206' title='bbox 1189 3129 1337 3214; x_wconf 79' lang='lat' dir='ltr'>gravius,</span> <span class='ocrx_word' id='word_1_207' title='bbox 1354 3136 1460 3217; x_wconf 73' lang='lat' dir='ltr'>quoad</span> <span class='ocrx_word' id='word_1_208' title='bbox 1470 3133 1523 3198; x_wconf 82' lang='lat' dir='ltr'>lieri</span> 
     </span>
     <span class='ocr_line' id='line_1_26' title="bbox 228 3231 1523 3320; baseline 0.007 -24"><span class='ocrx_word' id='word_1_209' title='bbox 228 3233 340 3320; x_wconf 82' lang='lat' dir='ltr'>potuit,</span> <span class='ocrx_word' id='word_1_210' title='bbox 369 3245 450 3296; x_wconf 89' lang='lat' dir='ltr'>esset</span> <span class='ocrx_word' id='word_1_211' title='bbox 474 3233 617 3297; x_wconf 88' lang='lat' dir='ltr'>infimum</span> <span class='ocrx_word' id='word_1_212' title='bbox 641 3231 681 3296; x_wconf 88' lang='lat' dir='ltr'>ab</span> <span class='ocrx_word' id='word_1_213' title='bbox 701 3232 791 3298; x_wconf 91' lang='lat' dir='ltr'>initio</span> <span class='ocrx_word' id='word_1_214' title='bbox 812 3231 991 3298; x_wconf 85' lang='lat' dir='ltr'>descensus.</span> <span class='ocrx_word' id='word_1_215' title='bbox 1038 3233 1092 3299; x_wconf 89' lang='lat' dir='ltr'>Sic</span> <span class='ocrx_word' id='word_1_216' title='bbox 1115 3233 1334 3303; x_wconf 80' lang='lat' dir='ltr'>oscillationes</span> <span class='ocrx_word' id='word_1_217' title='bbox 1355 3239 1448 3307; x_wconf 72' lang='lat' dir='ltr'>facte</span> <span class='ocrx_word' id='word_1_218' title='bbox 1466 3256 1523 3305; x_wconf 71' lang='lat' dir='ltr'>aaa</span> 
     </span>
     <span class='ocr_line' id='line_1_27' title="bbox 229 3342 1522 3434; baseline 0.005 -28"><span class='ocrx_word' id='word_1_219' title='bbox 229 3342 329 3406; x_wconf 90' lang='lat' dir='ltr'>multo</span> <span class='ocrx_word' id='word_1_220' title='bbox 344 3342 481 3406; x_wconf 90' lang='lat' dir='ltr'>minores</span> <span class='ocrx_word' id='word_1_221' title='bbox 497 3364 591 3429; x_wconf 90' lang='lat' dir='ltr'>qnam</span> <span class='ocrx_word' id='word_1_222' title='bbox 606 3342 705 3426; x_wconf 86' lang='lat' dir='ltr'>prius,</span> <span class='ocrx_word' id='word_1_223' title='bbox 720 3357 753 3406; x_wconf 91' lang='lat' dir='ltr'>et</span> <span class='ocrx_word' id='word_1_224' title='bbox 767 3342 854 3430; x_wconf 91' lang='lat' dir='ltr'>globi</span> <span class='ocrx_word' id='word_1_225' title='bbox 869 3343 1062 3429; x_wconf 80' lang='lat' dir='ltr'>temporibus</span> <span class='ocrx_word' id='word_1_226' title='bbox 1076 3344 1181 3411; x_wconf 87' lang='lat' dir='ltr'>minus</span> <span class='ocrx_word' id='word_1_227' title='bbox 1192 3347 1522 3434; x_wconf 72' lang='lat' dir='ltr'>inaeqiualibuaoecids</span> 
     </span>
     <span class='ocr_line' id='line_1_28' title="bbox 229 3451 879 3539; baseline 0 -21"><span class='ocrx_word' id='word_1_228' title='bbox 229 3466 313 3530; x_wconf 86' lang='lat' dir='ltr'>runt,</span> <span class='ocrx_word' id='word_1_229' title='bbox 329 3464 366 3516; x_wconf 89' lang='lat' dir='ltr'>ut</span> <span class='ocrx_word' id='word_1_230' title='bbox 380 3451 413 3515; x_wconf 90' lang='lat' dir='ltr'>in</span> <span class='ocrx_word' id='word_1_231' title='bbox 429 3453 652 3536; x_wconf 84' lang='lat' dir='ltr'>experimentis</span> <span class='ocrx_word' id='word_1_232' title='bbox 668 3452 879 3539; x_wconf 84' lang='lat' dir='ltr'>sequentibus.</span> 
     </span>
    </p>

    <p class='ocr_par' dir='ltr' id='par_1_8' title="bbox 229 3562 1522 3984">
     <span class='ocr_line' id='line_1_29' title="bbox 272 3562 1522 3660; baseline 0.007 -31"><span class='ocrx_word' id='word_1_233' title='bbox 272 3567 390 3648; x_wconf 77' lang='lat' dir='ltr'>Erper.</span> <span class='ocrx_word' id='word_1_234' title='bbox 407 3573 437 3630; x_wconf 89' lang='lat'>8.</span> <span class='ocrx_word' id='word_1_235' title='bbox 470 3562 568 3629; x_wconf 91' lang='lat' dir='ltr'>Globi</span> <span class='ocrx_word' id='word_1_236' title='bbox 584 3576 728 3651; x_wconf 86' lang='lat' dir='ltr'>quatuor,</span> <span class='ocrx_word' id='word_1_237' title='bbox 744 3563 885 3648; x_wconf 91' lang='lat' dir='ltr'>pondere</span> <span class='ocrx_word' id='word_1_238' title='bbox 899 3585 1069 3651; x_wconf 87' lang='lat' dir='ltr'>granorum</span> <span class='ocrx_word' id='word_1_239' title='bbox 1082 3572 1142 3634; x_wconf 71' lang='lat'>1³9</span> <span class='ocrx_word' id='word_1_240' title='bbox 1152 3565 1187 3631; x_wconf 87' lang='lat' dir='ltr'>in</span> <span class='ocrx_word' id='word_1_241' title='bbox 1200 3570 1280 3635; x_wconf 73' lang='lat' dir='ltr'>ae‘re</span> <span class='ocrx_word' id='word_1_242' title='bbox 1294 3585 1329 3637; x_wconf 89' lang='lat' dir='ltr'>et</span> <span class='ocrx_word' id='word_1_243' title='bbox 1345 3577 1389 3655; x_wconf 64' lang='lat'>6}</span> <span class='ocrx_word' id='word_1_244' title='bbox 1404 3575 1437 3637; x_wconf 88' lang='lat' dir='ltr'>in</span> <span class='ocrx_word' id='word_1_245' title='bbox 1447 3573 1522 3660; x_wconf 73' lang='lat' dir='ltr'>aqiu‘,</span> 
     </span>
     <span class='ocr_line' id='line_1_30' title="bbox 230 3675 1521 3771; baseline 0.007 -30"><span class='ocrx_word' id='word_1_246' title='bbox 230 3698 313 3762; x_wconf 87' lang='lat' dir='ltr'>saepe</span> <span class='ocrx_word' id='word_1_247' title='bbox 328 3676 465 3755; x_wconf 91' lang='lat' dir='ltr'>demissi,</span> <span class='ocrx_word' id='word_1_248' title='bbox 482 3675 661 3741; x_wconf 89' lang='lat' dir='ltr'>ceciderunt</span> <span class='ocrx_word' id='word_1_249' title='bbox 675 3676 870 3760; x_wconf 88' lang='lat' dir='ltr'>temporibus</span> <span class='ocrx_word' id='word_1_250' title='bbox 885 3675 1116 3743; x_wconf 89' lang='lat' dir='ltr'>oscillatiouum</span> <span class='ocrx_word' id='word_1_251' title='bbox 1130 3698 1196 3742; x_wconf 91' lang='lat' dir='ltr'>uon</span> <span class='ocrx_word' id='word_1_252' title='bbox 1210 3679 1361 3763; x_wconf 90' lang='lat' dir='ltr'>plurium</span> <span class='ocrx_word' id='word_1_253' title='bbox 1375 3707 1467 3771; x_wconf 84' lang='lat' dir='ltr'>quam</span> <span class='ocrx_word' id='word_1_254' title='bbox 1479 3693 1521 3761; x_wconf 72' lang='lat'>52,</span> 
     </span>
     <span class='ocr_line' id='line_1_31' title="bbox 229 3779 1519 3872; baseline 0.003 -21"><span class='ocrx_word' id='word_1_255' title='bbox 229 3809 293 3851; x_wconf 91' lang='lat' dir='ltr'>non</span> <span class='ocrx_word' id='word_1_256' title='bbox 308 3779 491 3870; x_wconf 78' lang='lat' dir='ltr'>pauciorum</span> <span class='ocrx_word' id='word_1_257' title='bbox 513 3808 608 3872; x_wconf 90' lang='lat' dir='ltr'>quam</span> <span class='ocrx_word' id='word_1_258' title='bbox 632 3795 684 3863; x_wconf 86' lang='lat'>50,</span> <span class='ocrx_word' id='word_1_259' title='bbox 710 3797 741 3849; x_wconf 89' lang='lat' dir='ltr'>et</span> <span class='ocrx_word' id='word_1_260' title='bbox 761 3785 898 3849; x_wconf 75' lang='lat' dir='ltr'>maximi</span> <span class='ocrx_word' id='word_1_261' title='bbox 914 3797 1058 3869; x_wconf 82' lang='lat' dir='ltr'>exparte</span> <span class='ocrx_word' id='word_1_262' title='bbox 1072 3798 1217 3870; x_wconf 85' lang='lat' dir='ltr'>tempore</span> <span class='ocrx_word' id='word_1_263' title='bbox 1237 3791 1472 3857; x_wconf 72' lang='lat' dir='ltr'>oscillatiouum</span> <span class='ocrx_word' id='word_1_264' title='bbox 1488 3801 1519 3858; x_wconf 76' lang='lat'>51</span> 
     </span>
     <span class='ocr_line' id='line_1_32' title="bbox 230 3895 1078 3984; baseline 0.002 -25"><span class='ocrx_word' id='word_1_265' title='bbox 230 3897 361 3972; x_wconf 90' lang='lat' dir='ltr'>circiter,</span> <span class='ocrx_word' id='word_1_266' title='bbox 378 3895 589 3960; x_wconf 88' lang='lat' dir='ltr'>describentes</span> <span class='ocrx_word' id='word_1_267' title='bbox 605 3896 801 3960; x_wconf 89' lang='lat' dir='ltr'>altitudinem</span> <span class='ocrx_word' id='word_1_268' title='bbox 816 3895 988 3984; x_wconf 85' lang='lat' dir='ltr'>digitorum</span> <span class='ocrx_word' id='word_1_269' title='bbox 1006 3905 1078 3962; x_wconf 74' lang='lat'>182.</span> 
     </span>
    </p>

    <p class='ocr_par' dir='ltr' id='par_1_9' title="bbox 275 4001 1450 4086">
     <span class='ocr_line' id='line_1_33' title="bbox 275 4001 1450 4086; baseline 0.005 -18"><span class='ocrx_word' id='word_1_270' title='bbox 275 4004 338 4068; x_wconf 91' lang='lat' dir='ltr'>Per</span> <span class='ocrx_word' id='word_1_271' title='bbox 353 4003 505 4066; x_wconf 85' lang='lat' dir='ltr'>theoriam</span> <span class='ocrx_word' id='word_1_272' title='bbox 521 4003 633 4069; x_wconf 88' lang='lat' dir='ltr'>cadere</span> <span class='ocrx_word' id='word_1_273' title='bbox 649 4001 827 4067; x_wconf 88' lang='lat' dir='ltr'>debuerunt</span> <span class='ocrx_word' id='word_1_274' title='bbox 843 4016 986 4086; x_wconf 86' lang='lat' dir='ltr'>tempore</span> <span class='ocrx_word' id='word_1_275' title='bbox 1000 4003 1234 4071; x_wconf 78' lang='lat' dir='ltr'>oscillatiouum</span> <span class='ocrx_word' id='word_1_276' title='bbox 1252 4017 1297 4074; x_wconf 78' lang='lat'>⁵2</span> <span class='ocrx_word' id='word_1_277' title='bbox 1314 4012 1450 4077; x_wconf 84' lang='lat' dir='ltr'>circiter.</span> 
     </span>
    </p>

    <p class='ocr_par' dir='ltr' id='par_1_10' title="bbox 228 4110 1519 4314">
     <span class='ocr_line' id='line_1_34' title="bbox 271 4110 1519 4197; baseline 0.002 -22"><span class='ocrx_word' id='word_1_278' title='bbox 271 4114 388 4194; x_wconf 76' lang='lat' dir='ltr'>Erper.</span> <span class='ocrx_word' id='word_1_279' title='bbox 404 4120 434 4176; x_wconf 90' lang='lat'>9.</span> <span class='ocrx_word' id='word_1_280' title='bbox 466 4110 564 4175; x_wconf 92' lang='lat' dir='ltr'>Globi</span> <span class='ocrx_word' id='word_1_281' title='bbox 586 4122 731 4196; x_wconf 90' lang='lat' dir='ltr'>quatuor,</span> <span class='ocrx_word' id='word_1_282' title='bbox 758 4110 900 4193; x_wconf 87' lang='lat' dir='ltr'>pondere</span> <span class='ocrx_word' id='word_1_283' title='bbox 921 4131 1092 4197; x_wconf 87' lang='lat' dir='ltr'>granorum</span> <span class='ocrx_word' id='word_1_284' title='bbox 1107 4111 1195 4194; x_wconf 57' lang='lat'>273}</span> <span class='ocrx_word' id='word_1_285' title='bbox 1208 4114 1243 4179; x_wconf 89' lang='lat' dir='ltr'>in</span> <span class='ocrx_word' id='word_1_286' title='bbox 1259 4120 1337 4182; x_wconf 68' lang='lat' dir='ltr'>aere</span> <span class='ocrx_word' id='word_1_287' title='bbox 1352 4135 1387 4184; x_wconf 80' lang='lat' dir='ltr'>et</span> <span class='ocrx_word' id='word_1_288' title='bbox 1404 4118 1477 4195; x_wconf 73' lang='lat' dir='ltr'>uui</span> <span class='ocrx_word' id='word_1_289' title='bbox 1494 4117 1519 4177; x_wconf 82' lang='lat' dir='ltr'>ir</span> 
     </span>
     <span class='ocr_line' id='line_1_35' title="bbox 228 4216 1518 4314; baseline 0.01 -34"><span class='ocrx_word' id='word_1_290' title='bbox 228 4216 320 4303; x_wconf 71' lang='lat' dir='ltr'>aqud,</span> <span class='ocrx_word' id='word_1_291' title='bbox 345 4218 459 4303; x_wconf 86' lang='lat' dir='ltr'>soepius</span> <span class='ocrx_word' id='word_1_292' title='bbox 479 4217 617 4295; x_wconf 86' lang='lat' dir='ltr'>demissi,</span> <span class='ocrx_word' id='word_1_293' title='bbox 645 4217 825 4283; x_wconf 85' lang='lat' dir='ltr'>ceciderunt</span> <span class='ocrx_word' id='word_1_294' title='bbox 847 4217 1040 4302; x_wconf 78' lang='lat' dir='ltr'>temporibus</span> <span class='ocrx_word' id='word_1_295' title='bbox 1062 4219 1300 4289; x_wconf 79' lang='lat' dir='ltr'>oscillationmn</span> <span class='ocrx_word' id='word_1_296' title='bbox 1324 4249 1393 4292; x_wconf 87' lang='lat' dir='ltr'>non</span> <span class='ocrx_word' id='word_1_297' title='bbox 1414 4225 1518 4314; x_wconf 79' lang='lat' dir='ltr'>pando·</span> 
     </span>
    </p>
   </div>
   <div class='ocr_carea' id='block_1_5' title="bbox 232 4645 1521 4854">
    <p class='ocr_par' dir='ltr' id='par_1_11' title="bbox 232 4645 1521 4854">
     <span class='ocr_line' id='line_1_36' title="bbox 232 4645 555 4731; baseline 0 -20"><span class='ocrx_word' id='word_1_298' title='bbox 232 4645 291 4722; x_wconf 61' lang='lat' dir='ltr'>Ill</span> <span class='ocrx_word' id='word_1_299' title='bbox 308 4648 555 4731; x_wconf 79' lang='lat' dir='ltr'>quamproxime.</span> 
     </span>
     <span class='ocr_line' id='line_1_37' title="bbox 273 4754 1521 4854; baseline 0.018 -38"><span class='ocrx_word' id='word_1_300' title='bbox 273 4755 388 4835; x_wconf 74' lang='lat' dir='ltr'>Erper.</span> <span class='ocrx_word' id='word_1_301' title='bbox 410 4762 456 4815; x_wconf 87' lang='lat'>10.</span> <span class='ocrx_word' id='word_1_302' title='bbox 491 4754 589 4819; x_wconf 91' lang='lat' dir='ltr'>Globi</span> <span class='ocrx_word' id='word_1_303' title='bbox 610 4769 753 4843; x_wconf 81' lang='lat' dir='ltr'>quatuor,</span> <span class='ocrx_word' id='word_1_304' title='bbox 777 4759 917 4843; x_wconf 87' lang='lat' dir='ltr'>pondere</span> <span class='ocrx_word' id='word_1_305' title='bbox 939 4782 1110 4847; x_wconf 77' lang='lat' dir='ltr'>granmum</span> <span class='ocrx_word' id='word_1_306' title='bbox 1128 4772 1192 4828; x_wconf 77' lang='lat'>³84</span> <span class='ocrx_word' id='word_1_307' title='bbox 1209 4766 1244 4830; x_wconf 91' lang='lat' dir='ltr'>in</span> <span class='ocrx_word' id='word_1_308' title='bbox 1261 4773 1336 4835; x_wconf 58' lang='lat' dir='ltr'>aare</span> <span class='ocrx_word' id='word_1_309' title='bbox 1352 4788 1385 4837; x_wconf 84' lang='lat' dir='ltr'>et</span> <span class='ocrx_word' id='word_1_310' title='bbox 1402 4778 1476 4854; x_wconf 81' lang='lat' dir='ltr'>¹¹⁹l</span> <span class='ocrx_word' id='word_1_311' title='bbox 1497 4771 1521 4831; x_wconf 74' lang='lat' dir='ltr'>&#39;n</span> 
     </span>
    </p>
   </div>
   <div class='ocr_carea' id='block_1_6' title="bbox 0 0 1598 5444">
    <p class='ocr_par' dir='ltr' id='par_1_12' title="bbox 0 0 1598 5444">
     <span class='ocr_line' id='line_1_38' title="bbox 0 0 1598 5444; baseline 0 0"><span class='ocrx_word' id='word_1_312' title='bbox 0 0 1598 5444; x_wconf 95' lang='lat' dir='ltr'> </span> 
     </span>
    </p>
   </div>
  </div>
 </body>
</html>
