3202 5446
171 455 465 533 merestonam]
499 456 740 524 PRINCIPIA
764 459 1135 529 MATHEMATICA.
1256 467 1259 471 ’
1390 479 1448 539 683

214 630 282 692 Cos.
307 637 337 692 2.
385 628 543 694 Ponamus
567 630 653 716 quiid
678 633 840 715 particulae
871 634 964 698 medii
994 637 1028 698 in
1057 637 1188 723 globum
1217 639 1265 703 vel
1287 639 1461 726 cylindrum

166 739 341 805 incidentes
365 762 430 804 non
453 743 669 819 reflectantur3
694 757 726 807 et
747 744 907 830 cylindrus
922 746 1090 811 incidendo
1111 750 1409 833 perpendiculariter
1430 756 1464 818 in

165 848 337 933 particulas
361 850 533 935 simplicem
558 874 646 915 suam
670 852 864 915 velocitatem
889 853 965 936 ipsis
992 857 1241 936 communicabit,
1264 859 1398 947 ideoque
1414 885 1463 927 re·

166 957 339 1021 sistentiam
354 960 472 1043 patitur
485 959 583 1042 duplo
598 960 752 1023 minorem
767 956 861 1045 quim
875 960 907 1021 in
923 961 1029 1043 priore
1044 983 1128 1040 casu,
1145 975 1177 1028 et
1191 965 1367 1031 resistentia
1374 969 1462 1054 globi

165 1067 225 1132 erit
240 1069 334 1133 ctiam
348 1069 446 1154 duplo
460 1071 563 1133 minor
578 1068 672 1155 quim
686 1069 783 1154 prius.

211 1178 281 1240 Cos.
299 1186 327 1241 8.
376 1178 534 1241 Ponamus
557 1177 643 1263 quiid
664 1177 828 1261 particulae
841 1176 939 1242 medii
954 1179 984 1241 vi
1000 1179 1179 1245 reflexionis
1200 1193 1302 1268 rieque
1324 1187 1460 1251 maximi

167 1304 272 1367 neque
288 1283 384 1359 nulli,
402 1284 458 1347 sed
473 1284 623 1348 mediocri
639 1284 741 1370 aliqud
757 1284 897 1349 resiliant
910 1286 1051 1374 aglobo;
1067 1300 1099 1352 et
1112 1291 1287 1357 resistentia
1299 1294 1387 1380 globi
1401 1297 1461 1363 erit

164 1390 199 1452 in
214 1389 324 1454 eisdem
339 1391 460 1454 ratione
475 1392 626 1455 mediocri
641 1393 722 1455 inter
738 1392 943 1457 resistentiam
957 1394 991 1456 in
1005 1395 1110 1479 primo
1124 1418 1198 1462 casu
1207 1412 1239 1463 et
1253 1401 1459 1467 resistentiam

163 1499 197 1562 in
213 1501 361 1564 secundo.
408 1501 450 1577 Q.
466 1524 495 1567 e.
512 1503 532 1565 i.

210 1610 309 1674 Corol.
327 1618 355 1673 1.
402 1610 491 1674 Hinc
516 1612 542 1674 si
567 1611 680 1700 globus
703 1624 735 1676 et
756 1612 917 1696 particula
940 1614 1002 1676 sint
1022 1614 1145 1679 infinite
1165 1617 1254 1695 dura,
1280 1632 1312 1684 et
1327 1622 1358 1683 vi
1373 1623 1460 1685 omni

163 1717 299 1796 elasticai,
316 1733 349 1782 et
362 1731 529 1803 propterea
544 1722 636 1785 etiam
652 1723 682 1784 vi
697 1724 782 1786 omni
798 1724 976 1788 reflexionis
991 1725 1157 1790 destituta:
1181 1730 1357 1795 resistentia
1370 1731 1458 1819 globi

162 1826 224 1890 erit
237 1826 278 1891 ad
293 1828 356 1890 vim
371 1827 432 1913 quis
449 1840 532 1893 totus
547 1830 613 1913 ejus
628 1843 731 1894 motus
747 1831 796 1894 vel
811 1831 925 1895 auferri
939 1833 1038 1915 possit
1053 1834 1102 1897 vel
1116 1838 1270 1920 generari,
1292 1861 1357 1924 quo
1378 1852 1458 1903 tem·

160 1954 240 2016 pore
254 1934 368 2020 globus
383 1947 517 2020 quatuor
532 1936 638 1998 tertias
653 1950 758 2020 partes
772 1938 917 2001 dimnetri
932 1961 997 2002 suae
1011 1939 1170 2017 describit,
1188 1955 1222 2006 ut
1233 1943 1369 2008 densitas
1391 1967 1458 2009 me·

161 2041 206 2106 dii
220 2041 263 2105 ad
277 2041 464 2106 densitatem
478 2042 576 2128 globi.

207 2151 306 2215 Corol.
324 2158 354 2214 2.
401 2151 439 2236 (¹³)
465 2151 655 2214 Resistentia
676 2151 773 2238 globi,
801 2153 921 2216 coeteris
943 2154 1081 2237 paribus,
1106 2169 1151 2220 est
1172 2158 1206 2219 in
1226 2157 1384 2241 duplicatis
1406 2182 1458 2223 ra·

159 2256 246 2320 tione
260 2256 440 2321 velocitatis.

206 2365 306 2429 Corol.
323 2374 352 2429 8.
386 2365 430 2448 (†)
449 2365 638 2429 Resistentia
651 2365 749 2452 globi,
766 2366 886 2430 caeteris
901 2367 1039 2450 paribus,
1056 2380 1103 2432 est
1117 2369 1150 2431 in
1166 2368 1323 2452 duplicati
1335 2371 1456 2438 ratione

158 2471 316 2536 diametri.
948 2545 951 2551 ,
1039 2534 1041 2539 .
1158 2553 1161 2559 ¹

205 2583 304 2647 CoroL
321 2591 351 2645 4.
399 2580 587 2644 Resistentia
600 2582 696 2668 globi,
714 2582 834 2646 ceteris
848 2583 987 2666 paribus,
1005 2595 1052 2646 est
1067 2596 1102 2648 ut
1116 2584 1253 2649 densitas
1267 2586 1372 2651 medii.

204 2693 304 2755 Corol.
321 2701 351 2756 5.
399 2692 586 2755 Resistentia
607 2692 693 2777 globi
716 2707 762 2754 est
784 2693 816 2754 in
838 2692 958 2755 ratione
984 2715 1054 2778 quae
1077 2695 1276 2778 componitur
1290 2718 1330 2758 ex
1350 2694 1454 2780 dupli-

159 2797 226 2862 catis
249 2800 369 2863 ratione
392 2799 562 2863 velocitatis
578 2815 609 2862 et
624 2799 781 2884 duplicatis
805 2801 925 2863 ratione
945 2799 1089 2862 diametri
1104 2815 1135 2863 et
1150 2802 1270 2864 ratione
1292 2803 1453 2869 densitatis

158 2906 263 2970 medii.

206 3015 305 3077 Corol.
322 3023 351 3078 6.
398 3013 440 3077 Et
455 3026 558 3075 motus
572 3012 658 3100 globi
675 3035 745 3076 cum
761 3014 827 3098 ejus
843 3013 1017 3076 resistentia
1039 3014 1083 3075 sic
1104 3013 1220 3096 exponi
1244 3027 1357 3097 potest
1404 3019 1452 3083 Sit

158 3124 189 3186 A
207 3123 235 3187 Β
250 3137 373 3206 tempus
389 3146 452 3208 quo
466 3123 579 3208 globus
602 3145 660 3206 per
681 3123 886 3184 resistentiam
909 3144 996 3184 suam
1020 3122 1213 3186 uniformiter
1238 3126 1450 3191 continuatam

156 3243 256 3294 toturn
281 3251 372 3292 suum
396 3242 515 3292 motum
541 3231 682 3292 amittere
705 3242 817 3312 potest
863 3228 915 3292 Ad
942 3229 1016 3292 AB
1041 3230 1201 3316 erigantur
1227 3234 1451 3316 perpendicula

157 3338 188 3400 A
204 3338 248 3415 D,
279 3336 307 3400 B
324 3336 360 3399 C.
409 3335 517 3421 Sitque
542 3335 570 3399 B
587 3336 615 3399 C
638 3349 738 3399 motus
754 3335 804 3399 ille
821 3348 913 3412 totus,
937 3351 968 3399 et
982 3358 1040 3419 per
1053 3351 1204 3419 punctum
1221 3339 1249 3402 C
1264 3342 1448 3426 asymptotis

189 3572 223 3634 (ὓ)
238 3576 248 3597 ”
264 3575 400 3620 Resistentia
417 3576 483 3633 globi,
504 3575 590 3620 caetnis
598 3573 701 3632 poribus,
718 3579 750 3616 esl
761 3572 786 3617 ia
819 3569 921 3615 motibus
936 3568 976 3630 qui
993 3567 1128 3622 unisonnes,
1146 3568 1227 3615 saitem
1245 3584 1315 3630 quern
1332 3571 1445 3630 proxime,

155 3636 274 3698 diquicotri
285 3641 373 3684 ratione
381 3641 507 3684 velocitatis.
545 3641 557 3665 *
572 3637 624 3681 Sint
634 3634 698 3697 globi
710 3650 787 3695 aequa·
819 3644 950 3687 censentur,
973 3648 1029 3694 ergo
1050 3632 1184 3679 resistentia
1206 3647 1374 3681 momentaneo
1390 3648 1446 3684 sunt

155 3702 224 3749 asin
236 3701 318 3747 eodeni
329 3701 407 3747 medio
418 3701 475 3746 moti
487 3699 783 3754 diremdcurnvelocitate;
816 3699 851 3744 bis
869 3706 895 3743 ut
910 3697 1047 3752 velocitates,
1067 3697 1111 3743 boc
1128 3707 1163 3744 est
1181 3698 1205 3743 in
1224 3699 1312 3745 ratione
1328 3698 1446 3760 duplic-tl

155 3776 234 3812 motos
245 3776 308 3811 totus
320 3766 504 3827 uniuscujusque
512 3764 584 3811 estad
595 3774 684 3810 motum
696 3765 784 3822 abipso
816 3761 949 3808 velocitatis.

154 3830 354 3877 communicatum
377 3840 481 3889 ternpore
496 3845 544 3890 qno
565 3828 623 3874 duas
642 3830 719 3874 tertias
734 3842 784 3873 suae
849 3825 887 3889 (†)
902 3831 914 3854 ·
928 3826 1065 3873 Resistentia
1078 3826 1144 3885 globi,
1156 3829 1352 3887 calnisporr'bnr,
1369 3837 1401 3875 est
1417 3831 1443 3878 in

154 3895 261 3940 diametri
283 3895 404 3953 percurrit,
426 3906 453 3939 ut
469 3893 593 3940 densitates
611 3893 733 3955 globorum
753 3891 784 3936 ad
815 3887 1032 3951 duplicotdrolr'one
1042 3891 1156 3936 diametri.
1192 3895 1205 3919 ·
1225 3890 1278 3936 Sint
1292 3892 1355 3953 globi
1372 3893 1442 3954 eequi-

155 3957 280 4006 densitstes
298 3957 438 4013 mediorum,
459 3957 557 4019 ideoque
574 3973 602 4003 er
620 3955 741 4017 hypothesi
758 3956 782 4000 in
815 3957 911 4010 veloces,
930 3952 996 4016 arque
1012 3953 1085 4008 densi,
1101 3953 1125 3999 in
1137 3951 1218 4000 eodem
1231 3954 1309 4001 medio
1320 3955 1385 4011 moti,
1402 3957 1444 4005 ned

155 4022 238 4069 eidem
250 4023 346 4078 ratione,
358 4036 415 4083 ergo
425 4023 495 4068 etiam
508 4022 615 4067 velocitas
627 4021 697 4067 unius
708 4030 742 4066 est
752 4018 782 4065 ad
815 4018 910 4064 diversae
927 4021 973 4065 sint
988 4032 1068 4064 earnm
1079 4016 1193 4074 dimnetri,
1212 4017 1331 4081 linguntur
1342 4023 1390 4066 dno
1401 4036 1441 4082 cy·

154 4086 300 4132 velocitatem
316 4086 413 4132 alterius
423 4096 451 4132 ut
462 4096 539 4132 motus
549 4088 578 4132 ab
590 4086 635 4130 illis
651 4085 782 4130 communi·
815 4081 884 4129 lindri
895 4083 1000 4144 ejusdem
1013 4097 1067 4128 enm
1080 4082 1107 4127 iis
1118 4081 1233 4139 diametri,
1249 4093 1273 4129 et
1283 4086 1353 4130 etiam
1370 4085 1442 4147 aqui.

154 4151 200 4198 sati
211 4152 354 4210 temporibus
369 4151 454 4212 quibus
470 4151 528 4196 duas
539 4151 615 4196 tertias
626 4164 721 4194 suarum
732 4148 782 4195 dis·
814 4147 904 4193 veloces
914 4157 937 4193 et
948 4162 1014 4208 reque
1024 4145 1097 4201 densi,
1115 4149 1247 4193 resistentie
1258 4163 1315 4209 quas
1326 4149 1443 4208 perientur

153 4226 282 4261 metrorum
298 4215 416 4326 1grequales
434 4216 520 4276 quippe
540 4213 709 4275 longitudines)
731 4228 782 4273 per-
814 4211 913 4272 cylindri
935 4210 1035 4274 singulis
1053 4211 1177 4256 momentis
1194 4222 1263 4257 erunt
1282 4223 1308 4259 ut
1330 4228 1442 4261 numerus

154 4291 259 4326 currunt.
322 4278 439 4325 iriduntur
451 4279 490 4324 illa
502 4289 605 4338 tempora
616 4279 640 4324 in
653 4288 728 4336 partes
739 4277 782 4322 mi·
815 4278 915 4335 partium
927 4277 951 4321 in
960 4291 1018 4338 quas
1028 4275 1158 4330 incurrunt,
1175 4275 1210 4321 illi
1222 4275 1275 4323 veri>
1286 4281 1377 4323 numeri
1388 4294 1440 4338 per.

153 4344 230 4390 trimas
246 4343 355 4405 utrinque
371 4344 479 4404 equales,
496 4344 585 4404 etquis
595 4342 779 4388 resistentiasin-
814 4342 873 4386 tium
890 4351 946 4386 sunt
957 4350 983 4386 ut
999 4340 1110 4400 quadrata
1122 4339 1301 4388 diametrorum:
1320 4342 1361 4388 sed
1372 4343 1441 4391 facile

152 4409 216 4470 gulis
227 4408 359 4463 momentis,
372 4407 476 4469 ejusdem
487 4408 550 4470 globi
562 4416 672 4466 respectu,
690 4406 781 4452 unisor-
813 4403 885 4465 liquet
896 4404 1034 4450 resistentiss
1040 4403 1198 4464 cylindrorum
1208 4413 1231 4450 et
1237 4406 1360 4466 globorum
1368 4409 1441 4469 requi.

153 4475 199 4519 mis
210 4483 324 4526 censetur,
340 4472 476 4518 resistentie
486 4482 655 4517 momentanee
665 4480 734 4516 erunt
744 4469 780 4515 di·
813 4468 934 4524 velocium,
946 4467 1049 4530 ejusdem
1058 4467 1171 4524 diametri,
1183 4470 1208 4514 in
1217 4470 1299 4516 eodem
1308 4471 1441 4519 medioesse

153 4537 216 4584 mete
227 4549 253 4583 ut
264 4548 343 4583 motus
353 4536 430 4582 amissi
443 4547 465 4581 et
477 4534 564 4581 inverse
577 4545 603 4580 ut
613 4544 717 4594 tempora
732 4533 783 4596 qui·
815 4533 840 4579 in
851 4531 1009 4589 dmiratione,
1021 4547 1078 4594 ergo
1089 4543 1115 4578 ut
1126 4534 1331 4582 resistentiaunius
1342 4538 1440 4597 cylindri

152 4603 197 4648 bus
208 4603 356 4657 emittuntur,
376 4601 416 4646 sed
433 4611 511 4646 motus
524 4593 602 4645 amissi
618 4610 673 4645 sunt
684 4610 712 4644 ιιι
721 4599 783 4644 veio-
815 4596 845 4644 ed
856 4599 1009 4644 resistentiam
1016 4597 1440 4664 ulteriusiteresistentiauniusglobi

152 4667 234 4713 ciretes
249 4664 336 4712 directe
348 4678 371 4711 et
383 4675 486 4724 tempora
497 4674 552 4709 snnt
563 4661 651 4710 inverse
662 4673 689 4709 ut
699 4662 782 4710 veloci-
815 4661 845 4708 ed
856 4662 1008 4708 resistentiam
1018 4661 1121 4716 alterius,
1137 4672 1193 4708 sunt
1203 4679 1260 4726 ergo
1269 4664 1393 4729 globorum
1404 4681 1439 4714 rs.

152 4742 219 4788 tetes,
236 4731 292 4792 quia
314 4730 415 4791 aquales
438 4728 596 4790 longitudines
617 4736 785 4788 percurruntur
816 4725 1085 4788 mnaeutqusdrsts
1095 4725 1268 4776 dionenorum.
