3188 5444
154 524 224 591 xxii
694 527 919 597 EDITORIS

154 692 205 758 vel
217 693 354 758 maxime
369 697 621 762 concesserimus.
666 698 741 763 Non
754 713 860 765 autem
874 699 1091 766 concedimus:
1112 714 1274 789 nequeunt
1288 701 1373 767 enim
1387 701 1445 770 illo

154 814 248 887 pacto
260 801 470 887 phaenomena
482 825 541 889 per
555 803 688 870 vortices
702 806 869 892 explicari3
892 809 978 895 quod
992 808 1032 873 ab
1052 821 1179 874 auctore
1193 823 1302 901 nostro
1316 811 1444 878 abunde

153 909 282 997 quidem
301 922 334 974 et
352 909 532 976 clarissimis
553 913 728 978 rationibus
747 914 918 993 evincitur3
941 930 977 980 ut
998 917 1115 981 somnis
1137 914 1209 1003 pluis
1231 916 1324 1005 aequd
1339 919 1444 986 indul·

153 1030 249 1106 geant
273 1029 426 1102 oporteat,
454 1019 509 1105 qui
533 1019 726 1106 ineptissimo
751 1020 903 1110 figmento
928 1023 1137 1103 resarciendo,
1167 1025 1318 1113 novisque
1346 1028 1444 1113 porrd

153 1124 337 1190 commentis
352 1124 495 1190 omaudo
505 1126 659 1193 infelicem
674 1150 803 1214 operam
823 1129 983 1198 addicunt.

199 1233 235 1301 si
245 1255 379 1318 corpora
391 1235 589 1320 planetarum
604 1250 636 1302 et
650 1251 842 1302 cometarum
856 1238 940 1302 circa
954 1238 1052 1303 solem
1073 1239 1254 1306 deferantur
1277 1265 1297 1305 a
1319 1242 1445 1306 vortici-

152 1346 230 1423 bus3
252 1359 377 1431 oportet
391 1368 525 1433 corpora
537 1347 641 1414 delata
655 1362 687 1414 et
700 1349 854 1413 vorticum
867 1359 973 1434 partes
986 1349 1130 1433 proxime
1148 1349 1319 1415 ambientes
1333 1351 1445 1416 eadem

152 1454 318 1520 velocitate
327 1454 500 1543 eademque
514 1456 625 1521 cursim
636 1457 894 1521 determinatione
908 1457 1038 1535 moveri,
1054 1470 1086 1521 et
1096 1455 1229 1521 eandem
1238 1456 1357 1523 habere
1365 1458 1444 1523 den-

152 1562 275 1628 sitatem
290 1564 341 1629 vel
360 1565 494 1630 eandem
507 1566 703 1631 viminertiae
725 1588 785 1652 pro
806 1565 890 1631 mole
904 1566 1053 1631 materie.
1099 1566 1232 1633 Constat
1245 1567 1321 1632 verb
1334 1568 1445 1654 plane·

152 1680 201 1733 tas
215 1680 248 1734 et
262 1682 412 1748 cometes,
434 1668 512 1735 dtlrn
526 1684 690 1737 versantur
704 1673 738 1736 in
756 1672 867 1738 iisdem
887 1673 1068 1762 regionibus
1090 1673 1251 1753 uelorum,
1272 1674 1444 1741 velocitati-

151 1778 212 1844 bus
236 1780 332 1845 variis
357 1781 507 1869 variique
533 1782 643 1848 curaris
667 1783 925 1848 determinatione
951 1783 1082 1848 moveri.
1127 1782 1313 1848 Necessarid
1338 1784 1445 1874 itaque

152 1887 303 1974 sequitur,
327 1901 363 1953 ut
382 1889 472 1954 diuidi
486 1890 622 1955 ooelestis
643 1903 749 1975 partes
763 1889 837 1968 itte,
861 1911 932 1976 quoe
954 1903 1027 1956 sunt
1046 1890 1087 1954 ad
1108 1890 1234 1955 eusdem
1249 1891 1444 1959 distentione

151 1995 227 2073 sole,
243 1994 447 2061 revolvantur
461 1997 574 2061 eodem
588 2013 731 2082 tempore
744 1997 777 2059 in
791 1996 901 2084 plagas
915 1995 1054 2061 diversas
1069 2019 1141 2060 cum
1152 1996 1282 2062 diversis
1297 1999 1444 2066 velocita-

150 2105 253 2170 tibus:
277 2105 393 2169 etenim
414 2105 474 2169 alit
490 2128 570 2191 opus
592 2106 653 2169 erit
673 2105 845 2170 directione
863 2119 896 2171 et
914 2105 1087 2185 velocitate,
1111 2120 1147 2172 ut
1167 2109 1301 2174 transire
1321 2094 1445 2195 possint

149 2211 305 2297 planetae;
329 2211 401 2289 alit,
417 2230 453 2276 ut
463 2213 596 2279 transire
607 2214 730 2299 possint
741 2227 882 2279 cometae.
928 2215 1026 2291 Quod
1041 2212 1113 2279 edm
1124 2215 1276 2302 explicari
1289 2231 1442 2306 nequeat3

149 2318 201 2384 vel
216 2318 380 2384 fatendum
394 2320 464 2398 erit,
486 2322 634 2386 universa
655 2344 791 2407 corpora
812 2322 952 2388 ooelestia
972 2344 1038 2388 non
1057 2322 1172 2388 deferri
1186 2347 1206 2388 a
1219 2326 1349 2390 materia
1370 2350 1444 2392 vor·

149 2429 237 2507 ticis;
259 2430 309 2495 vel
321 2411 496 2497 'dicendum
511 2433 582 2511 erit,
605 2433 780 2498 eorundem
802 2446 907 2497 motus
929 2432 1117 2518 repetendos
1137 2456 1206 2499 esse
1228 2455 1293 2498 non
1313 2436 1354 2499 ab
1376 2459 1443 2503 uno

150 2541 323 2630 eodemque
338 2544 465 2623 vortice,
491 2544 549 2609 sed
564 2568 584 2609 a
597 2544 743 2630 pluribus
767 2543 821 2630 qui
843 2543 883 2607 ab
905 2543 1039 2608 invicem
1061 2542 1176 2608 divorsi
1198 2543 1271 2621 sint,
1294 2543 1442 2635 idemque

149 2653 285 2738 spatium
300 2654 360 2719 soli
375 2656 611 2743 circumjectum
625 2654 809 2740 pervadant

195 2762 231 2829 si
257 2762 365 2848 plures
381 2764 514 2829 vortices
530 2764 564 2827 in
579 2762 691 2828 eodem
705 2763 807 2848 spatio
827 2762 990 2839 contineri,
1013 2774 1046 2826 et
1064 2782 1133 2825 sese
1150 2760 1261 2825 mutuo
1274 2773 1442 2846 penetrare

149 2870 349 2960 motibusque
360 2872 489 2938 diversis
500 2874 618 2938 revolvi
632 2887 809 2960 ponantur3
832 2873 980 2960 quoniam
990 2871 1025 2935 hi
1035 2883 1139 2937 motus
1151 2871 1268 2937 debent
1279 2895 1347 2937 esse
1362 2895 1441 2938 cou-

149 2980 265 3047 formes
281 2982 458 3048 delatorum
479 3006 648 3070 oorpormn
662 2984 809 3063 motibus,
826 2984 969 3070 quisunt
990 2982 1111 3047 summe
1126 2983 1298 3072 regulares,
1320 2997 1353 3048 et
1365 3004 1441 3068 per·

149 3099 288 3175 aguntur
302 3088 537 3155 insectionibus
561 3090 677 3154 conicis
699 3111 785 3154 nunc
807 3088 897 3154 valde
919 3089 1111 3167 eccentricis,
1133 3111 1220 3153 nunc
1242 3088 1282 3153 ad
1306 3087 1440 3154 circulo-

148 3220 220 3262 rum
235 3200 380 3285 proxime
395 3200 528 3266 formam
539 3200 759 3266 accedentibus
770 3225 780 3278 3
798 3202 871 3286 jure
882 3198 1088 3286 quaerendum
1098 3198 1167 3277 erit,
1180 3199 1233 3285 qui
1244 3197 1313 3262 fieri
1326 3200 1439 3284 possit,

149 3317 186 3371 ut
200 3306 296 3371 iidem
310 3307 425 3396 integri
440 3320 663 3374 conserventur
685 3330 743 3373 nec
767 3307 807 3373 ab
821 3306 998 3371 actionibus
1011 3306 1151 3370 materie
1165 3305 1358 3370 occursantis
1380 3329 1440 3392 per

149 3430 196 3480 tot
210 3416 328 3480 saecula
342 3418 511 3504 quicquam
528 3419 762 3504 perturbentur.
808 3416 891 3484 Sane
907 3418 934 3481 si
948 3430 1052 3481 motus
1071 3415 1107 3479 hi
1128 3416 1229 3482 fictitii
1248 3430 1323 3480 suut
1334 3419 1438 3506 magis

148 3528 313 3612 compositi
335 3543 367 3594 et
389 3528 544 3594 difficiliris
566 3529 772 3614 explicantur,
796 3527 892 3615 quim
913 3527 978 3591 veri
999 3526 1045 3589 illi
1067 3538 1171 3589 motus
1192 3525 1391 3611 planetarum
1406 3543 1439 3593 et

148 3650 358 3716 cometarum3
381 3639 497 3704 frustri
518 3639 596 3704 mihi
610 3639 757 3704 videntur
779 3638 812 3702 in
833 3635 1066 3723 philosophiam
1086 3635 1202 3720 recipi:
1226 3637 1329 3700 omnis
1352 3638 1437 3701 enim

149 3768 242 3811 causa
262 3736 357 3813 debet
379 3770 448 3813 esse
471 3747 583 3813 effectu
607 3769 666 3811 suo
690 3747 868 3833 simplicior.
915 3745 1073 3810 Concessa
1096 3743 1274 3808 fabularum
1297 3745 1435 3824 licentia,

149 3855 349 3921 affirmaverit
363 3857 473 3943 aliquis
498 3856 638 3943 planetas
654 3877 762 3921 omnes
782 3866 815 3919 et
831 3866 968 3918 cometas
986 3851 1188 3939 circumcingi
1205 3853 1434 3938 atmosphaeris,

148 3965 190 4029 ad
204 3966 303 4030 instar
317 3965 439 4031 telluris
453 3979 569 4031 nostrae
577 3991 587 4043 ;
610 3987 681 4053 quoe
703 3964 830 4052 quidem
849 3962 1032 4050 hypothesis
1046 3962 1160 4026 rationi
1179 3964 1279 4052 magis
1302 3986 1435 4030 consen-

148 4089 241 4141 tanea
254 4075 410 4141 videbitur
430 4098 525 4163 quam
544 4075 726 4162 hypothesis
747 4074 910 4139 vorticum.
956 4070 1167 4138 Affirmaverit
1181 4073 1296 4138 deinde
1310 4072 1367 4137 hes
1387 4088 1434 4138 at-

148 4183 351 4267 mosphaeras,
375 4205 417 4248 ex
430 4182 542 4248 naturai
559 4183 626 4260 sud,
649 4184 734 4247 circa
755 4182 853 4246 solem
868 4181 986 4246 moveri
1001 4192 1032 4245 et
1054 4181 1207 4246 sectiones
1229 4182 1354 4246 conicas
1377 4183 1434 4249 de-

148 4294 302 4371 scribere;
324 4296 378 4382 qui
399 4294 475 4360 sane
489 4307 593 4360 motus
612 4294 712 4359 multb
726 4291 845 4359 facillis
866 4293 989 4377 concipi
1002 4304 1115 4376 potest,
1142 4289 1236 4379 quim
1262 4295 1433 4359 consimilis

148 4416 252 4469 motus
275 4407 427 4470 vorticum
456 4406 644 4470 seinvicem
667 4404 904 4490 permeantium.
949 4399 1095 4488 Denique
1120 4401 1259 4486 planetas
1284 4402 1371 4487 ipsos
1400 4421 1434 4470 et

148 4527 284 4581 cometas
305 4516 387 4580 circa
402 4509 500 4579 solem
515 4514 631 4579 deferri
645 4514 686 4578 ab
700 4513 917 4599 atrnosphaeris
932 4513 995 4578 suis
1010 4510 1203 4578 credendum
1217 4533 1287 4576 esse
1302 4525 1430 4594 statuat,

148 4637 181 4691 et
193 4623 235 4689 ob
249 4637 386 4711 repertas
401 4638 543 4690 motuum
559 4625 729 4689 coelestium
745 4646 851 4689 causas
867 4624 1060 4710 triumphum
1082 4633 1163 4710 egat.
1209 4619 1361 4708 Quisquis
1376 4649 1433 4693 cu·
