<?xml version="1.0" encoding="UTF-8"?>
<!DOCTYPE html PUBLIC "-//W3C//DTD XHTML 1.0 Transitional//EN"
    "http://www.w3.org/TR/xhtml1/DTD/xhtml1-transitional.dtd">
<html xmlns="http://www.w3.org/1999/xhtml" xml:lang="en" lang="en">
 <head>
  <title>
</title>
<meta http-equiv="Content-Type" content="text/html;charset=utf-8" />
  <meta name='ocr-system' content='tesseract 3.04.00' />
  <meta name='ocr-capabilities' content='ocr_page ocr_carea ocr_par ocr_line ocrx_word'/>
</head>
<body>
  <div class='ocr_page' id='page_1' title='image "./philosophiaenat00newtgoog_0390.png"; bbox 0 0 3188 5444; ppageno 0'>
   <div class='ocr_carea' id='block_1_1' title="bbox 159 452 1458 537">
    <p class='ocr_par' dir='ltr' id='par_1_1' title="bbox 159 452 1458 537">
     <span class='ocr_line' id='line_1_1' title="bbox 159 452 1458 537; baseline 0.001 -11"><span class='ocrx_word' id='word_1_1' title='bbox 159 466 224 527; x_wconf 71' lang='lat'>³52</span> <span class='ocrx_word' id='word_1_2' title='bbox 471 452 813 526; x_wconf 84' lang='lat' dir='ltr'><strong>PHILOSOPHIAE</strong></span> <span class='ocrx_word' id='word_1_3' title='bbox 837 454 1115 524; x_wconf 81' lang='lat' dir='ltr'>NATURALIS</span> <span class='ocrx_word' id='word_1_4' title='bbox 1174 457 1286 537; x_wconf 81' lang='lat' dir='ltr'>[Mor.</span> <span class='ocrx_word' id='word_1_5' title='bbox 1302 457 1458 527; x_wconf 75' lang='lat' dir='ltr'>Coma·</span> 
     </span>
    </p>
   </div>
   <div class='ocr_carea' id='block_1_2' title="bbox 156 630 1455 1697">
    <p class='ocr_par' dir='ltr' id='par_1_2' title="bbox 156 630 1455 1697">
     <span class='ocr_line' id='line_1_2' title="bbox 158 630 1455 719; baseline 0.003 -23"><span class='ocrx_word' id='word_1_6' title='bbox 158 630 273 696; x_wconf 89' lang='lat' dir='ltr'>montis</span> <span class='ocrx_word' id='word_1_7' title='bbox 288 631 454 709; x_wconf 86' lang='lat' dir='ltr'>cumulata,</span> <span class='ocrx_word' id='word_1_8' title='bbox 478 646 511 697; x_wconf 88' lang='lat' dir='ltr'>et</span> <span class='ocrx_word' id='word_1_9' title='bbox 524 632 604 711; x_wconf 83' lang='lat' dir='ltr'>haec,</span> <span class='ocrx_word' id='word_1_10' title='bbox 627 645 780 719; x_wconf 84' lang='lat' dir='ltr'>perpetuo</span> <span class='ocrx_word' id='word_1_11' title='bbox 794 631 1091 697; x_wconf 85' lang='lat' dir='ltr'>conaturecedendi</span> <span class='ocrx_word' id='word_1_12' title='bbox 1105 655 1125 695; x_wconf 88' lang='lat' dir='ltr'>a</span> <span class='ocrx_word' id='word_1_13' title='bbox 1139 646 1247 698; x_wconf 84' lang='lat' dir='ltr'>centro</span> <span class='ocrx_word' id='word_1_14' title='bbox 1269 632 1319 696; x_wconf 89' lang='lat' dir='ltr'>sui</span> <span class='ocrx_word' id='word_1_15' title='bbox 1338 646 1455 713; x_wconf 79' lang='lat' dir='ltr'>motus,</span> 
     </span>
     <span class='ocr_line' id='line_1_3' title="bbox 158 740 1454 830; baseline 0.003 -25"><span class='ocrx_word' id='word_1_16' title='bbox 158 741 297 806; x_wconf 78' lang='lat' dir='ltr'>turbabit</span> <span class='ocrx_word' id='word_1_17' title='bbox 310 754 431 805; x_wconf 90' lang='lat' dir='ltr'>motum</span> <span class='ocrx_word' id='word_1_18' title='bbox 444 740 541 830; x_wconf 86' lang='lat' dir='ltr'>globi,</span> <span class='ocrx_word' id='word_1_19' title='bbox 558 743 710 829; x_wconf 81' lang='lat' dir='ltr'>facietque</span> <span class='ocrx_word' id='word_1_20' title='bbox 724 756 759 807; x_wconf 90' lang='lat' dir='ltr'>ut</span> <span class='ocrx_word' id='word_1_21' title='bbox 772 742 838 828; x_wconf 89' lang='lat' dir='ltr'>poli</span> <span class='ocrx_word' id='word_1_22' title='bbox 852 745 918 828; x_wconf 88' lang='lat' dir='ltr'>ejus</span> <span class='ocrx_word' id='word_1_23' title='bbox 933 755 1038 807; x_wconf 86' lang='lat' dir='ltr'>errent</span> <span class='ocrx_word' id='word_1_24' title='bbox 1051 765 1110 827; x_wconf 88' lang='lat' dir='ltr'>per</span> <span class='ocrx_word' id='word_1_25' title='bbox 1123 743 1222 827; x_wconf 90' lang='lat' dir='ltr'>ipsius</span> <span class='ocrx_word' id='word_1_26' title='bbox 1242 744 1454 828; x_wconf 84' lang='lat' dir='ltr'>superficiem,</span> 
     </span>
     <span class='ocr_line' id='line_1_4' title="bbox 159 849 1454 937; baseline 0.002 -23"><span class='ocrx_word' id='word_1_27' title='bbox 159 862 191 915; x_wconf 85' lang='lat' dir='ltr'>et</span> <span class='ocrx_word' id='word_1_28' title='bbox 211 850 344 914; x_wconf 88' lang='lat' dir='ltr'>circulos</span> <span class='ocrx_word' id='word_1_29' title='bbox 366 850 485 914; x_wconf 85' lang='lat' dir='ltr'>circum</span> <span class='ocrx_word' id='word_1_30' title='bbox 507 873 540 915; x_wconf 87' lang='lat' dir='ltr'>se</span> <span class='ocrx_word' id='word_1_31' title='bbox 562 867 776 936; x_wconf 87' lang='lat' dir='ltr'>punctumque</span> <span class='ocrx_word' id='word_1_32' title='bbox 799 851 858 914; x_wconf 88' lang='lat' dir='ltr'>sibi</span> <span class='ocrx_word' id='word_1_33' title='bbox 881 849 1058 934; x_wconf 89' lang='lat' dir='ltr'>oppositum</span> <span class='ocrx_word' id='word_1_34' title='bbox 1085 849 1239 937; x_wconf 78' lang='lat' dir='ltr'>perpetui&gt;</span> <span class='ocrx_word' id='word_1_35' title='bbox 1264 851 1454 916; x_wconf 85' lang='lat' dir='ltr'>describant.</span> 
     </span>
     <span class='ocr_line' id='line_1_5' title="bbox 159 954 1452 1046; baseline -0.001 -22"><span class='ocrx_word' id='word_1_36' title='bbox 159 954 272 1045; x_wconf 87' lang='lat' dir='ltr'>Neque</span> <span class='ocrx_word' id='word_1_37' title='bbox 286 959 460 1046; x_wconf 77' lang='lat' dir='ltr'>corrigetur</span> <span class='ocrx_word' id='word_1_38' title='bbox 474 959 534 1024; x_wconf 84' lang='lat' dir='ltr'>ista</span> <span class='ocrx_word' id='word_1_39' title='bbox 548 960 719 1046; x_wconf 78' lang='lat' dir='ltr'>vagationis</span> <span class='ocrx_word' id='word_1_40' title='bbox 734 958 912 1034; x_wconf 81' lang='lat' dir='ltr'>enormitas,</span> <span class='ocrx_word' id='word_1_41' title='bbox 929 958 989 1021; x_wconf 91' lang='lat' dir='ltr'>nisi</span> <span class='ocrx_word' id='word_1_42' title='bbox 1004 956 1138 1022; x_wconf 84' lang='lat' dir='ltr'>locando</span> <span class='ocrx_word' id='word_1_43' title='bbox 1149 972 1289 1023; x_wconf 90' lang='lat' dir='ltr'>montem</span> <span class='ocrx_word' id='word_1_44' title='bbox 1306 958 1394 1023; x_wconf 89' lang='lat' dir='ltr'>illum</span> <span class='ocrx_word' id='word_1_45' title='bbox 1405 959 1452 1023; x_wconf 85' lang='lat' dir='ltr'>rel</span> 
     </span>
     <span class='ocr_line' id='line_1_6' title="bbox 158 1065 1452 1154; baseline 0 -23"><span class='ocrx_word' id='word_1_46' title='bbox 158 1068 191 1131; x_wconf 94' lang='lat' dir='ltr'>in</span> <span class='ocrx_word' id='word_1_47' title='bbox 212 1067 288 1152; x_wconf 86' lang='lat' dir='ltr'>polo</span> <span class='ocrx_word' id='word_1_48' title='bbox 308 1066 467 1144; x_wconf 83' lang='lat' dir='ltr'>alterutro,</span> <span class='ocrx_word' id='word_1_49' title='bbox 494 1089 558 1153; x_wconf 92' lang='lat' dir='ltr'>quo</span> <span class='ocrx_word' id='word_1_50' title='bbox 577 1068 610 1130; x_wconf 94' lang='lat' dir='ltr'>in</span> <span class='ocrx_word' id='word_1_51' title='bbox 636 1089 709 1131; x_wconf 88' lang='lat' dir='ltr'>casu</span> <span class='ocrx_word' id='word_1_52' title='bbox 733 1073 803 1152; x_wconf 89' lang='lat' dir='ltr'>(per</span> <span class='ocrx_word' id='word_1_53' title='bbox 819 1065 925 1131; x_wconf 89' lang='lat' dir='ltr'>Corol.</span> <span class='ocrx_word' id='word_1_54' title='bbox 942 1066 1008 1145; x_wconf 74' lang='lat'>21.)</span> <span class='ocrx_word' id='word_1_55' title='bbox 1031 1065 1106 1128; x_wconf 92' lang='lat' dir='ltr'>nodi</span> <span class='ocrx_word' id='word_1_56' title='bbox 1130 1066 1300 1152; x_wconf 85' lang='lat' dir='ltr'>aequatoris</span> <span class='ocrx_word' id='word_1_57' title='bbox 1322 1087 1452 1154; x_wconf 87' lang='lat' dir='ltr'>progre-</span> 
     </span>
     <span class='ocr_line' id='line_1_7' title="bbox 158 1172 1450 1263; baseline 0 -23"><span class='ocrx_word' id='word_1_58' title='bbox 158 1176 301 1252; x_wconf 85' lang='lat' dir='ltr'>dientur3</span> <span class='ocrx_word' id='word_1_59' title='bbox 324 1175 374 1239; x_wconf 86' lang='lat' dir='ltr'>vel</span> <span class='ocrx_word' id='word_1_60' title='bbox 398 1176 432 1238; x_wconf 93' lang='lat' dir='ltr'>in</span> <span class='ocrx_word' id='word_1_61' title='bbox 454 1188 622 1261; x_wconf 84' lang='lat' dir='ltr'>aequatore,</span> <span class='ocrx_word' id='word_1_62' title='bbox 648 1175 708 1261; x_wconf 77' lang='lat' dir='ltr'>qui</span> <span class='ocrx_word' id='word_1_63' title='bbox 729 1175 850 1239; x_wconf 88' lang='lat' dir='ltr'>ratione</span> <span class='ocrx_word' id='word_1_64' title='bbox 873 1178 944 1258; x_wconf 92' lang='lat' dir='ltr'>(per</span> <span class='ocrx_word' id='word_1_65' title='bbox 960 1172 1066 1238; x_wconf 87' lang='lat' dir='ltr'>Corol.</span> <span class='ocrx_word' id='word_1_66' title='bbox 1082 1174 1150 1255; x_wconf 71' lang='lat'><strong>20.)</strong></span> <span class='ocrx_word' id='word_1_67' title='bbox 1173 1174 1250 1239; x_wconf 90' lang='lat' dir='ltr'>nodi</span> <span class='ocrx_word' id='word_1_68' title='bbox 1272 1174 1450 1263; x_wconf 84' lang='lat' dir='ltr'>regredien-</span> 
     </span>
     <span class='ocr_line' id='line_1_8' title="bbox 159 1281 1448 1370; baseline 0 -22"><span class='ocrx_word' id='word_1_69' title='bbox 159 1297 228 1360; x_wconf 87' lang='lat' dir='ltr'>tur;</span> <span class='ocrx_word' id='word_1_70' title='bbox 250 1282 300 1346; x_wconf 86' lang='lat' dir='ltr'>vel</span> <span class='ocrx_word' id='word_1_71' title='bbox 315 1282 450 1368; x_wconf 90' lang='lat' dir='ltr'>denique</span> <span class='ocrx_word' id='word_1_72' title='bbox 464 1306 505 1347; x_wconf 87' lang='lat' dir='ltr'>ex</span> <span class='ocrx_word' id='word_1_73' title='bbox 520 1282 616 1347; x_wconf 74' lang='lat' dir='ltr'>alteri</span> <span class='ocrx_word' id='word_1_74' title='bbox 631 1284 698 1346; x_wconf 84' lang='lat' dir='ltr'>axis</span> <span class='ocrx_word' id='word_1_75' title='bbox 712 1296 802 1367; x_wconf 85' lang='lat' dir='ltr'>parte</span> <span class='ocrx_word' id='word_1_76' title='bbox 816 1281 962 1346; x_wconf 82' lang='lat' dir='ltr'>addendo</span> <span class='ocrx_word' id='word_1_77' title='bbox 976 1281 1138 1346; x_wconf 86' lang='lat' dir='ltr'>materiam</span> <span class='ocrx_word' id='word_1_78' title='bbox 1147 1304 1271 1361; x_wconf 84' lang='lat' dir='ltr'>noram,</span> <span class='ocrx_word' id='word_1_79' title='bbox 1289 1283 1350 1370; x_wconf 76' lang='lat' dir='ltr'>quii</span> <span class='ocrx_word' id='word_1_80' title='bbox 1362 1307 1448 1349; x_wconf 83' lang='lat' dir='ltr'>mons</span> 
     </span>
     <span class='ocr_line' id='line_1_9' title="bbox 158 1388 1447 1477; baseline 0.001 -21"><span class='ocrx_word' id='word_1_81' title='bbox 158 1393 241 1456; x_wconf 90' lang='lat' dir='ltr'>inter</span> <span class='ocrx_word' id='word_1_82' title='bbox 254 1390 443 1454; x_wconf 85' lang='lat' dir='ltr'>movendum</span> <span class='ocrx_word' id='word_1_83' title='bbox 459 1390 600 1468; x_wconf 90' lang='lat' dir='ltr'>libretur,</span> <span class='ocrx_word' id='word_1_84' title='bbox 617 1403 650 1455; x_wconf 91' lang='lat' dir='ltr'>et</span> <span class='ocrx_word' id='word_1_85' title='bbox 662 1390 724 1454; x_wconf 89' lang='lat' dir='ltr'>hoc</span> <span class='ocrx_word' id='word_1_86' title='bbox 737 1403 829 1475; x_wconf 87' lang='lat' dir='ltr'>pacto</span> <span class='ocrx_word' id='word_1_87' title='bbox 843 1389 920 1452; x_wconf 91' lang='lat' dir='ltr'>nodi</span> <span class='ocrx_word' id='word_1_88' title='bbox 938 1388 988 1452; x_wconf 85' lang='lat' dir='ltr'>vel</span> <span class='ocrx_word' id='word_1_89' title='bbox 1010 1389 1263 1477; x_wconf 85' lang='lat' dir='ltr'>progredientur,</span> <span class='ocrx_word' id='word_1_90' title='bbox 1291 1389 1342 1455; x_wconf 84' lang='lat' dir='ltr'>vel</span> <span class='ocrx_word' id='word_1_91' title='bbox 1366 1413 1447 1457; x_wconf 87' lang='lat' dir='ltr'>rece·</span> 
     </span>
     <span class='ocr_line' id='line_1_10' title="bbox 158 1498 1443 1587; baseline 0 -21"><span class='ocrx_word' id='word_1_92' title='bbox 158 1502 242 1581; x_wconf 81' lang='lat' dir='ltr'>dent,</span> <span class='ocrx_word' id='word_1_93' title='bbox 257 1502 388 1587; x_wconf 88' lang='lat' dir='ltr'>perinde</span> <span class='ocrx_word' id='word_1_94' title='bbox 403 1514 439 1566; x_wconf 91' lang='lat' dir='ltr'>ut</span> <span class='ocrx_word' id='word_1_95' title='bbox 451 1523 542 1567; x_wconf 89' lang='lat' dir='ltr'>mons</span> <span class='ocrx_word' id='word_1_96' title='bbox 557 1515 590 1568; x_wconf 88' lang='lat' dir='ltr'>et</span> <span class='ocrx_word' id='word_1_97' title='bbox 603 1501 708 1566; x_wconf 88' lang='lat' dir='ltr'>haecce</span> <span class='ocrx_word' id='word_1_98' title='bbox 722 1523 804 1564; x_wconf 88' lang='lat' dir='ltr'>nova</span> <span class='ocrx_word' id='word_1_99' title='bbox 816 1498 947 1564; x_wconf 85' lang='lat' dir='ltr'>materia</span> <span class='ocrx_word' id='word_1_100' title='bbox 968 1512 1040 1564; x_wconf 86' lang='lat' dir='ltr'>sunt</span> <span class='ocrx_word' id='word_1_101' title='bbox 1060 1500 1110 1565; x_wconf 86' lang='lat' dir='ltr'>rel</span> <span class='ocrx_word' id='word_1_102' title='bbox 1131 1500 1206 1585; x_wconf 94' lang='lat' dir='ltr'>polo</span> <span class='ocrx_word' id='word_1_103' title='bbox 1228 1499 1280 1566; x_wconf 84' lang='lat' dir='ltr'>vel</span> <span class='ocrx_word' id='word_1_104' title='bbox 1300 1503 1443 1587; x_wconf 81' lang='lat' dir='ltr'>aequaturi</span> 
     </span>
     <span class='ocr_line' id='line_1_11' title="bbox 156 1634 328 1697; baseline 0 -21"><span class='ocrx_word' id='word_1_105' title='bbox 156 1634 328 1697; x_wconf 75' lang='lat' dir='ltr'>propiores.</span> 
     </span>
    </p>
   </div>
   <div class='ocr_carea' id='block_1_3' title="bbox 280 1803 1277 1876">
    <p class='ocr_par' dir='ltr' id='par_1_3' title="bbox 280 1803 1277 1876">
     <span class='ocr_line' id='line_1_12' title="bbox 280 1803 1277 1876; baseline -0.001 -2"><span class='ocrx_word' id='word_1_106' title='bbox 280 1803 282 1807; x_wconf 70' lang='grc'><strong>’</strong></span> <span class='ocrx_word' id='word_1_107' title='bbox 329 1808 613 1876; x_wconf 88' lang='lat' dir='ltr'>PROPOSlTIO</span> <span class='ocrx_word' id='word_1_108' title='bbox 637 1808 782 1875; x_wconf 88' lang='lat' dir='ltr'><strong>LXVII.</strong></span> <span class='ocrx_word' id='word_1_109' title='bbox 826 1805 1099 1874; x_wconf 80' lang='lat' dir='ltr'><strong>THEOREMA</strong></span> <span class='ocrx_word' id='word_1_110' title='bbox 1123 1807 1277 1873; x_wconf 88' lang='lat' dir='ltr'>XXVII.</span> 
     </span>
    </p>
   </div>
   <div class='ocr_carea' id='block_1_4' title="bbox 155 1953 1433 2470">
    <p class='ocr_par' dir='ltr' id='par_1_4' title="bbox 155 1953 1433 2470">
     <span class='ocr_line' id='line_1_13' title="bbox 155 1953 1433 2039; baseline -0.002 -21"><span class='ocrx_word' id='word_1_111' title='bbox 155 1954 270 2018; x_wconf 84' lang='lat' dir='ltr'>Positis</span> <span class='ocrx_word' id='word_1_112' title='bbox 284 1955 387 2017; x_wconf 86' lang='lat' dir='ltr'>iisdem</span> <span class='ocrx_word' id='word_1_113' title='bbox 398 1957 607 2018; x_wconf 72' lang='lat' dir='ltr'>attractionem</span> <span class='ocrx_word' id='word_1_114' title='bbox 622 1955 741 2039; x_wconf 83' lang='lat' dir='ltr'>legibus,</span> <span class='ocrx_word' id='word_1_115' title='bbox 757 1955 823 2016; x_wconf 85' lang='lat' dir='ltr'>dico</span> <span class='ocrx_word' id='word_1_116' title='bbox 837 1955 915 2037; x_wconf 82' lang='lat' dir='ltr'>qaod</span> <span class='ocrx_word' id='word_1_117' title='bbox 928 1973 1033 2035; x_wconf 78' lang='lat' dir='ltr'>corpus</span> <span class='ocrx_word' id='word_1_118' title='bbox 1046 1953 1172 2015; x_wconf 71' lang='lat' dir='ltr'>emerius</span> <span class='ocrx_word' id='word_1_119' title='bbox 1188 1953 1223 2030; x_wconf 90' lang='lat' dir='ltr'>S,</span> <span class='ocrx_word' id='word_1_120' title='bbox 1242 1955 1325 2017; x_wconf 86' lang='lat' dir='ltr'>circo</span> <span class='ocrx_word' id='word_1_121' title='bbox 1345 1954 1433 2017; x_wconf 84' lang='lat' dir='ltr'>interi·</span> 
     </span>
     <span class='ocr_line' id='line_1_14' title="bbox 199 2061 1430 2148; baseline -0.001 -22"><span class='ocrx_word' id='word_1_122' title='bbox 199 2085 280 2126; x_wconf 79' lang='lat' dir='ltr'>orum</span> <span class='ocrx_word' id='word_1_123' title='bbox 297 2063 334 2140; x_wconf 90' lang='lat' dir='ltr'>P,</span> <span class='ocrx_word' id='word_1_124' title='bbox 351 2064 383 2129; x_wconf 89' lang='lat' dir='ltr'>T</span> <span class='ocrx_word' id='word_1_125' title='bbox 397 2086 542 2128; x_wconf 83' lang='lat' dir='ltr'>commune</span> <span class='ocrx_word' id='word_1_126' title='bbox 552 2066 716 2148; x_wconf 82' lang='lat' dir='ltr'>gravitatis</span> <span class='ocrx_word' id='word_1_127' title='bbox 729 2073 857 2127; x_wconf 85' lang='lat' dir='ltr'>centrum</span> <span class='ocrx_word' id='word_1_128' title='bbox 874 2061 914 2139; x_wconf 91' lang='grc'>0,</span> <span class='ocrx_word' id='word_1_129' title='bbox 930 2064 1027 2125; x_wconf 84' lang='lat' dir='ltr'>radiis</span> <span class='ocrx_word' id='word_1_130' title='bbox 1041 2064 1083 2125; x_wconf 86' lang='lat' dir='ltr'>ad</span> <span class='ocrx_word' id='word_1_131' title='bbox 1101 2071 1229 2125; x_wconf 83' lang='lat' dir='ltr'>centrum</span> <span class='ocrx_word' id='word_1_132' title='bbox 1249 2064 1329 2127; x_wconf 85' lang='lat' dir='ltr'>illud</span> <span class='ocrx_word' id='word_1_133' title='bbox 1345 2064 1430 2136; x_wconf 72' lang='lat' dir='ltr'>darni,</span> 
     </span>
     <span class='ocr_line' id='line_1_15' title="bbox 198 2170 1429 2255; baseline 0 -22"><span class='ocrx_word' id='word_1_134' title='bbox 198 2171 336 2235; x_wconf 79' lang='lat' dir='ltr'>describit</span> <span class='ocrx_word' id='word_1_135' title='bbox 350 2194 437 2235; x_wconf 86' lang='lat' dir='ltr'>oreas</span> <span class='ocrx_word' id='word_1_136' title='bbox 451 2173 625 2254; x_wconf 83' lang='lat' dir='ltr'>temporibus</span> <span class='ocrx_word' id='word_1_137' title='bbox 640 2173 735 2255; x_wconf 83' lang='lat' dir='ltr'>magis</span> <span class='ocrx_word' id='word_1_138' title='bbox 745 2171 983 2252; x_wconf 80' lang='lat' dir='ltr'>proportionales</span> <span class='ocrx_word' id='word_1_139' title='bbox 996 2179 1025 2233; x_wconf 85' lang='lat' dir='ltr'>et</span> <span class='ocrx_word' id='word_1_140' title='bbox 1039 2170 1133 2233; x_wconf 84' lang='lat' dir='ltr'>orbem</span> <span class='ocrx_word' id='word_1_141' title='bbox 1153 2171 1195 2232; x_wconf 84' lang='lat' dir='ltr'>od</span> <span class='ocrx_word' id='word_1_142' title='bbox 1203 2170 1340 2253; x_wconf 78' lang='lat' dir='ltr'>formasa</span> <span class='ocrx_word' id='word_1_143' title='bbox 1359 2172 1429 2252; x_wconf 78' lang='lat' dir='ltr'>ellip-</span> 
     </span>
     <span class='ocr_line' id='line_1_16' title="bbox 197 2279 1428 2363; baseline -0.002 -19"><span class='ocrx_word' id='word_1_144' title='bbox 197 2302 259 2344; x_wconf 81' lang='lat' dir='ltr'>seos</span> <span class='ocrx_word' id='word_1_145' title='bbox 283 2281 447 2344; x_wconf 81' lang='lat' dir='ltr'>umbilicum</span> <span class='ocrx_word' id='word_1_146' title='bbox 472 2283 505 2344; x_wconf 84' lang='lat' dir='ltr'>in</span> <span class='ocrx_word' id='word_1_147' title='bbox 528 2291 627 2344; x_wconf 85' lang='lat' dir='ltr'>centro</span> <span class='ocrx_word' id='word_1_148' title='bbox 649 2282 746 2343; x_wconf 83' lang='lat' dir='ltr'>eodem</span> <span class='ocrx_word' id='word_1_149' title='bbox 768 2279 902 2343; x_wconf 64' lang='lat' dir='ltr'>labenda</span> <span class='ocrx_word' id='word_1_150' title='bbox 923 2281 1018 2363; x_wconf 79' lang='lat' dir='ltr'>magis</span> <span class='ocrx_word' id='word_1_151' title='bbox 1040 2281 1229 2355; x_wconf 81' lang='lat' dir='ltr'>accedentem,</span> <span class='ocrx_word' id='word_1_152' title='bbox 1257 2300 1344 2363; x_wconf 70' lang='lat' dir='ltr'>quarm</span> <span class='ocrx_word' id='word_1_153' title='bbox 1365 2280 1428 2341; x_wconf 73' lang='lat' dir='ltr'>crire</span> 
     </span>
     <span class='ocr_line' id='line_1_17' title="bbox 197 2385 1399 2470; baseline 0.003 -21"><span class='ocrx_word' id='word_1_154' title='bbox 197 2409 302 2470; x_wconf 74' lang='lat' dir='ltr'>corpus</span> <span class='ocrx_word' id='word_1_155' title='bbox 317 2389 449 2451; x_wconf 83' lang='lat' dir='ltr'>intimum</span> <span class='ocrx_word' id='word_1_156' title='bbox 464 2399 494 2451; x_wconf 84' lang='lat' dir='ltr'>ct</span> <span class='ocrx_word' id='word_1_157' title='bbox 508 2389 664 2451; x_wconf 79' lang='lat' dir='ltr'>marimum</span> <span class='ocrx_word' id='word_1_158' title='bbox 680 2385 721 2465; x_wconf 89' lang='lat' dir='ltr'>T,</span> <span class='ocrx_word' id='word_1_159' title='bbox 738 2389 835 2451; x_wconf 84' lang='lat' dir='ltr'>radiis</span> <span class='ocrx_word' id='word_1_160' title='bbox 848 2389 891 2449; x_wconf 83' lang='lat' dir='ltr'>ad</span> <span class='ocrx_word' id='word_1_161' title='bbox 904 2388 996 2470; x_wconf 77' lang='lat' dir='ltr'>r&#39;pnrm</span> <span class='ocrx_word' id='word_1_162' title='bbox 1011 2389 1115 2464; x_wconf 85' lang='lat' dir='ltr'>ductis,</span> <span class='ocrx_word' id='word_1_163' title='bbox 1131 2387 1294 2451; x_wconf 79' lang='lat' dir='ltr'>describere</span> <span class='ocrx_word' id='word_1_164' title='bbox 1300 2397 1399 2470; x_wconf 77' lang='lat' dir='ltr'>poteri.</span> 
     </span>
    </p>
   </div>
   <div class='ocr_carea' id='block_1_5' title="bbox 199 2558 1422 2648">
    <p class='ocr_par' dir='ltr' id='par_1_5' title="bbox 199 2558 1422 2648">
     <span class='ocr_line' id='line_1_18' title="bbox 199 2558 1422 2648; baseline 0.002 -24"><span class='ocrx_word' id='word_1_165' title='bbox 199 2560 283 2625; x_wconf 85' lang='lat' dir='ltr'>Nam</span> <span class='ocrx_word' id='word_1_166' title='bbox 299 2563 439 2646; x_wconf 86' lang='lat' dir='ltr'>corporis</span> <span class='ocrx_word' id='word_1_167' title='bbox 455 2563 479 2629; x_wconf 89' lang='lat' dir='ltr'>S</span> <span class='ocrx_word' id='word_1_168' title='bbox 493 2562 692 2627; x_wconf 85' lang='lat' dir='ltr'>attractiones</span> <span class='ocrx_word' id='word_1_169' title='bbox 707 2584 813 2626; x_wconf 86' lang='lat' dir='ltr'>versus</span> <span class='ocrx_word' id='word_1_170' title='bbox 829 2562 861 2626; x_wconf 89' lang='lat' dir='ltr'>T</span> <span class='ocrx_word' id='word_1_171' title='bbox 875 2574 906 2626; x_wconf 90' lang='lat' dir='ltr'>et</span> <span class='ocrx_word' id='word_1_172' title='bbox 923 2562 951 2626; x_wconf 94' lang='lat' dir='ltr'>P</span> <span class='ocrx_word' id='word_1_173' title='bbox 965 2575 1158 2647; x_wconf 89' lang='lat' dir='ltr'>componunt</span> <span class='ocrx_word' id='word_1_174' title='bbox 1172 2561 1269 2648; x_wconf 82' lang='lat' dir='ltr'>ipsius</span> <span class='ocrx_word' id='word_1_175' title='bbox 1291 2558 1422 2627; x_wconf 76' lang='lat' dir='ltr'>attractio·</span> 
     </span>
    </p>
   </div>
   <div class='ocr_carea' id='block_1_6' title="bbox 150 2735 1480 4422">
    <p class='ocr_par' dir='ltr' id='par_1_6' title="bbox 153 2735 1420 2995">
     <span class='ocr_line' id='line_1_19' title="bbox 155 2735 1420 2802; baseline -0.001 -18"><span class='ocrx_word' id='word_1_176' title='bbox 155 2736 178 2784; x_wconf 90' lang='lat' dir='ltr'>P</span> <span class='ocrx_word' id='word_1_177' title='bbox 188 2754 204 2799; x_wconf 88' lang='lat' dir='ltr'>p</span> <span class='ocrx_word' id='word_1_178' title='bbox 214 2735 339 2792; x_wconf 77' lang='lat' dir='ltr'>revolvens.</span> <span class='ocrx_word' id='word_1_179' title='bbox 354 2739 371 2787; x_wconf 84' lang='lat' dir='ltr'>S</span> <span class='ocrx_word' id='word_1_180' title='bbox 383 2738 403 2786; x_wconf 84' lang='lat' dir='ltr'>C</span> <span class='ocrx_word' id='word_1_181' title='bbox 416 2738 438 2785; x_wconf 87' lang='lat' dir='ltr'>B</span> <span class='ocrx_word' id='word_1_182' title='bbox 449 2736 547 2798; x_wconf 88' lang='lat' dir='ltr'>planum</span> <span class='ocrx_word' id='word_1_183' title='bbox 557 2751 599 2799; x_wconf 86' lang='lat' dir='ltr'>per</span> <span class='ocrx_word' id='word_1_184' title='bbox 606 2747 712 2786; x_wconf 75' lang='lat' dir='ltr'>centrum</span> <span class='ocrx_word' id='word_1_185' title='bbox 720 2735 785 2800; x_wconf 82' lang='lat' dir='ltr'>globi</span> <span class='ocrx_word' id='word_1_186' title='bbox 816 2736 869 2786; x_wconf 90' lang='lat' dir='ltr'>loca</span> <span class='ocrx_word' id='word_1_187' title='bbox 879 2736 987 2798; x_wconf 87' lang='lat' dir='ltr'>polorum</span> <span class='ocrx_word' id='word_1_188' title='bbox 998 2748 1124 2802; x_wconf 76' lang='lat' dir='ltr'>antequem</span> <span class='ocrx_word' id='word_1_189' title='bbox 1134 2737 1232 2787; x_wconf 83' lang='lat' dir='ltr'>materia</span> <span class='ocrx_word' id='word_1_190' title='bbox 1242 2737 1269 2785; x_wconf 85' lang='lat' dir='ltr'>in</span> <span class='ocrx_word' id='word_1_191' title='bbox 1280 2738 1305 2787; x_wconf 80' lang='lat' dir='ltr'>N</span> <span class='ocrx_word' id='word_1_192' title='bbox 1314 2736 1385 2787; x_wconf 71' lang='lat' dir='ltr'>addin</span> <span class='ocrx_word' id='word_1_193' title='bbox 1393 2748 1420 2783; x_wconf 75' lang='lat' dir='ltr'>at·</span> 
     </span>
     <span class='ocr_line' id='line_1_20' title="bbox 157 2802 1419 2866; baseline 0.002 -15"><span class='ocrx_word' id='word_1_194' title='bbox 157 2802 177 2851; x_wconf 89' lang='lat' dir='ltr'>C</span> <span class='ocrx_word' id='word_1_195' title='bbox 188 2811 213 2850; x_wconf 88' lang='lat' dir='ltr'>et</span> <span class='ocrx_word' id='word_1_196' title='bbox 222 2816 263 2863; x_wconf 87' lang='lat' dir='ltr'>per</span> <span class='ocrx_word' id='word_1_197' title='bbox 273 2812 379 2852; x_wconf 85' lang='lat' dir='ltr'>centrum</span> <span class='ocrx_word' id='word_1_198' title='bbox 390 2802 473 2850; x_wconf 80' lang='lat' dir='ltr'>virium</span> <span class='ocrx_word' id='word_1_199' title='bbox 485 2802 630 2859; x_wconf 82' lang='lat' dir='ltr'>Stransiens,</span> <span class='ocrx_word' id='word_1_200' title='bbox 640 2802 785 2865; x_wconf 81' lang='lat' dir='ltr'>globumque</span> <span class='ocrx_word' id='word_1_201' title='bbox 816 2812 857 2850; x_wconf 83' lang='lat' dir='ltr'>ret.</span> <span class='ocrx_word' id='word_1_202' title='bbox 893 2805 977 2866; x_wconf 81' lang='lat' dir='ltr'>It&#39;eqae</span> <span class='ocrx_word' id='word_1_203' title='bbox 987 2805 1112 2864; x_wconf 77' lang='lat' dir='ltr'>corrigetur</span> <span class='ocrx_word' id='word_1_204' title='bbox 1122 2806 1166 2850; x_wconf 78' lang='lat' dir='ltr'>isto</span> <span class='ocrx_word' id='word_1_205' title='bbox 1177 2806 1302 2865; x_wconf 70' lang='lat' dir='ltr'>segnioris</span> <span class='ocrx_word' id='word_1_206' title='bbox 1314 2802 1419 2853; x_wconf 70' lang='lat' dir='ltr'>mitt·</span> 
     </span>
     <span class='ocr_line' id='line_1_21' title="bbox 154 2861 1419 2932; baseline 0.006 -19"><span class='ocrx_word' id='word_1_207' title='bbox 154 2865 259 2913; x_wconf 78' lang='lat' dir='ltr'>dividam</span> <span class='ocrx_word' id='word_1_208' title='bbox 277 2867 302 2912; x_wconf 88' lang='lat' dir='ltr'>in</span> <span class='ocrx_word' id='word_1_209' title='bbox 320 2867 368 2915; x_wconf 88' lang='lat' dir='ltr'>duo</span> <span class='ocrx_word' id='word_1_210' title='bbox 386 2866 540 2927; x_wconf 80' lang='lat' dir='ltr'>hemispheria</span> <span class='ocrx_word' id='word_1_211' title='bbox 560 2867 582 2913; x_wconf 85' lang='grc' dir='ltr'><strong>Α</strong></span> <span class='ocrx_word' id='word_1_212' title='bbox 596 2866 618 2914; x_wconf 82' lang='grc' dir='ltr'>Ρ</span> <span class='ocrx_word' id='word_1_213' title='bbox 631 2867 660 2924; x_wconf 88' lang='grc' dir='ltr'>Β,</span> <span class='ocrx_word' id='word_1_214' title='bbox 682 2868 706 2914; x_wconf 82' lang='grc' dir='ltr'><strong>Δ</strong></span> <span class='ocrx_word' id='word_1_215' title='bbox 723 2882 739 2927; x_wconf 90' lang='lat' dir='ltr'>p</span> <span class='ocrx_word' id='word_1_216' title='bbox 753 2861 783 2923; x_wconf 85' lang='lat' dir='ltr'>B,</span> <span class='ocrx_word' id='word_1_217' title='bbox 816 2869 863 2915; x_wconf 76' lang='lat' dir='ltr'>nisi</span> <span class='ocrx_word' id='word_1_218' title='bbox 871 2869 965 2915; x_wconf 79' lang='lat' dir='ltr'>locando</span> <span class='ocrx_word' id='word_1_219' title='bbox 975 2877 1076 2916; x_wconf 81' lang='lat' dir='ltr'>montem</span> <span class='ocrx_word' id='word_1_220' title='bbox 1086 2868 1152 2916; x_wconf 78' lang='lat' dir='ltr'>illurn</span> <span class='ocrx_word' id='word_1_221' title='bbox 1163 2870 1198 2916; x_wconf 81' lang='lat' dir='ltr'>aci</span> <span class='ocrx_word' id='word_1_222' title='bbox 1207 2868 1231 2916; x_wconf 84' lang='lat' dir='ltr'>in</span> <span class='ocrx_word' id='word_1_223' title='bbox 1239 2871 1293 2932; x_wconf 75' lang='lat' dir='ltr'>polo</span> <span class='ocrx_word' id='word_1_224' title='bbox 1303 2876 1419 2923; x_wconf 69' lang='lat' dir='ltr'>mm!</span> 
     </span>
     <span class='ocr_line' id='line_1_22' title="bbox 153 2929 800 2995; baseline 0.014 -21"><span class='ocrx_word' id='word_1_225' title='bbox 153 2929 476 2995; x_wconf 81' lang='lat' dir='ltr'>riscentripetaurgebitaem-</span> <span class='ocrx_word' id='word_1_226' title='bbox 567 2932 571 2941; x_wconf 92' lang='lat'>&#39;</span> <span class='ocrx_word' id='word_1_227' title='bbox 794 2950 800 2959; x_wconf 86' lang='grc'><strong>’</strong></span> 
     </span>
    </p>

    <p class='ocr_par' dir='ltr' id='par_1_7' title="bbox 153 2997 497 3058">
     <span class='ocr_line' id='line_1_23' title="bbox 153 2997 497 3058; baseline 0.006 -18"><span class='ocrx_word' id='word_1_228' title='bbox 153 3009 195 3054; x_wconf 88' lang='lat' dir='ltr'>per</span> <span class='ocrx_word' id='word_1_229' title='bbox 205 3005 330 3058; x_wconf 83' lang='lat' dir='ltr'>utrumque</span> <span class='ocrx_word' id='word_1_230' title='bbox 343 2997 475 3056; x_wconf 86' lang='lat' dir='ltr'>hemisphe-</span> <span class='ocrx_word' id='word_1_231' title='bbox 496 3024 497 3027; x_wconf 63' lang='lat'><em>=</em></span> 
     </span>
    </p>

    <p class='ocr_par' dir='ltr' id='par_1_8' title="bbox 153 3057 472 3121">
     <span class='ocr_line' id='line_1_24' title="bbox 153 3057 472 3121; baseline 0.013 -17"><span class='ocrx_word' id='word_1_232' title='bbox 153 3057 216 3105; x_wconf 91' lang='lat' dir='ltr'>rium</span> <span class='ocrx_word' id='word_1_233' title='bbox 226 3059 344 3121; x_wconf 76' lang='lat' dir='ltr'>aqualiter</span> <span class='ocrx_word' id='word_1_234' title='bbox 356 3059 435 3108; x_wconf 71' lang='lat' dir='ltr'>versia</span> <span class='ocrx_word' id='word_1_235' title='bbox 448 3062 472 3118; x_wconf 77' lang='lat' dir='ltr'>S,</span> 
     </span>
    </p>

    <p class='ocr_par' dir='ltr' id='par_1_9' title="bbox 152 3123 472 3188">
     <span class='ocr_line' id='line_1_25' title="bbox 152 3123 472 3188; baseline 0.006 -19"><span class='ocrx_word' id='word_1_236' title='bbox 152 3123 301 3183; x_wconf 81' lang='lat' dir='ltr'>etproptered</span> <span class='ocrx_word' id='word_1_237' title='bbox 309 3125 406 3188; x_wconf 88' lang='lat' dir='ltr'>globum</span> <span class='ocrx_word' id='word_1_238' title='bbox 414 3140 472 3186; x_wconf 91' lang='lat' dir='ltr'>quo-</span> 
     </span>
    </p>

    <p class='ocr_par' dir='ltr' id='par_1_10' title="bbox 152 3185 472 3237">
     <span class='ocr_line' id='line_1_26' title="bbox 152 3185 472 3237; baseline 0.009 -5"><span class='ocrx_word' id='word_1_239' title='bbox 152 3185 182 3233; x_wconf 89' lang='lat' dir='ltr'>ad</span> <span class='ocrx_word' id='word_1_240' title='bbox 192 3198 284 3233; x_wconf 85' lang='lat' dir='ltr'>motum</span> <span class='ocrx_word' id='word_1_241' title='bbox 292 3189 410 3237; x_wconf 78' lang='lat' dir='ltr'>rotationis</span> <span class='ocrx_word' id='word_1_242' title='bbox 418 3190 472 3235; x_wconf 91' lang='lat' dir='ltr'>nul-</span> 
     </span>
    </p>

    <p class='ocr_par' dir='ltr' id='par_1_11' title="bbox 152 3249 471 3311">
     <span class='ocr_line' id='line_1_27' title="bbox 152 3249 471 3311; baseline 0.013 -15"><span class='ocrx_word' id='word_1_243' title='bbox 152 3249 199 3296; x_wconf 90' lang='lat' dir='ltr'>lam</span> <span class='ocrx_word' id='word_1_244' title='bbox 210 3249 234 3297; x_wconf 90' lang='lat' dir='ltr'>in</span> <span class='ocrx_word' id='word_1_245' title='bbox 245 3261 333 3311; x_wconf 77' lang='lat' dir='ltr'>partem</span> <span class='ocrx_word' id='word_1_246' title='bbox 344 3253 471 3310; x_wconf 77' lang='lat' dir='ltr'>inclinabit,</span> 
     </span>
    </p>

    <p class='ocr_par' dir='ltr' id='par_1_12' title="bbox 151 3315 471 3377">
     <span class='ocr_line' id='line_1_28' title="bbox 151 3315 471 3377; baseline 0.016 -18"><span class='ocrx_word' id='word_1_247' title='bbox 151 3315 300 3377; x_wconf 80' lang='lat' dir='ltr'>manebitque</span> <span class='ocrx_word' id='word_1_248' title='bbox 318 3317 415 3377; x_wconf 75' lang='lat' dir='ltr'>proindd</span> <span class='ocrx_word' id='word_1_249' title='bbox 433 3333 471 3364; x_wconf 82' lang='lat' dir='ltr'>ea·</span> 
     </span>
    </p>

    <p class='ocr_par' dir='ltr' id='par_1_13' title="bbox 151 3379 468 3440">
     <span class='ocr_line' id='line_1_29' title="bbox 151 3379 468 3440; baseline 0.016 -16"><span class='ocrx_word' id='word_1_250' title='bbox 151 3379 205 3425; x_wconf 88' lang='lat' dir='ltr'>dem</span> <span class='ocrx_word' id='word_1_251' title='bbox 216 3379 265 3424; x_wconf 85' lang='lat' dir='ltr'>axis</span> <span class='ocrx_word' id='word_1_252' title='bbox 282 3379 303 3426; x_wconf 88' lang='lat' dir='ltr'>P</span> <span class='ocrx_word' id='word_1_253' title='bbox 313 3397 329 3440; x_wconf 86' lang='lat' dir='ltr'>p</span> <span class='ocrx_word' id='word_1_254' title='bbox 343 3381 468 3429; x_wconf 88' lang='lat' dir='ltr'>inclinatio.</span> 
     </span>
    </p>

    <p class='ocr_par' dir='ltr' id='par_1_14' title="bbox 153 3442 468 3498">
     <span class='ocr_line' id='line_1_30' title="bbox 153 3442 468 3498; baseline 0.013 -9"><span class='ocrx_word' id='word_1_255' title='bbox 153 3442 264 3489; x_wconf 83' lang='lat' dir='ltr'>Addatur</span> <span class='ocrx_word' id='word_1_256' title='bbox 273 3442 328 3491; x_wconf 79' lang='lat' dir='ltr'>rard</span> <span class='ocrx_word' id='word_1_257' title='bbox 343 3445 435 3498; x_wconf 82' lang='lat' dir='ltr'>alicubi.</span> <span class='ocrx_word' id='word_1_258' title='bbox 447 3463 468 3494; x_wconf 86' lang='lat' dir='ltr'>r.</span> 
     </span>
    </p>

    <p class='ocr_par' dir='ltr' id='par_1_15' title="bbox 151 3507 471 3571">
     <span class='ocr_line' id='line_1_31' title="bbox 151 3507 471 3571; baseline 0.009 -18"><span class='ocrx_word' id='word_1_259' title='bbox 151 3522 186 3569; x_wconf 87' lang='lat' dir='ltr'>gr.</span> <span class='ocrx_word' id='word_1_260' title='bbox 200 3507 224 3553; x_wconf 91' lang='lat' dir='ltr'>in</span> <span class='ocrx_word' id='word_1_261' title='bbox 239 3507 269 3564; x_wconf 89' lang='lat' dir='ltr'>N,</span> <span class='ocrx_word' id='word_1_262' title='bbox 281 3508 342 3555; x_wconf 82' lang='lat' dir='ltr'>inter</span> <span class='ocrx_word' id='word_1_263' title='bbox 357 3509 438 3569; x_wconf 87' lang='lat' dir='ltr'>polum</span> <span class='ocrx_word' id='word_1_264' title='bbox 456 3528 471 3571; x_wconf 90' lang='lat' dir='ltr'>p</span> 
     </span>
    </p>

    <p class='ocr_par' dir='ltr' id='par_1_16' title="bbox 151 3574 473 3634">
     <span class='ocr_line' id='line_1_32' title="bbox 151 3574 473 3634; baseline 0.016 -17"><span class='ocrx_word' id='word_1_265' title='bbox 151 3581 175 3617; x_wconf 80' lang='lat' dir='ltr'>et</span> <span class='ocrx_word' id='word_1_266' title='bbox 196 3583 336 3634; x_wconf 79' lang='lat' dir='ltr'>requamrem</span> <span class='ocrx_word' id='word_1_267' title='bbox 359 3574 382 3620; x_wconf 91' lang='grc' dir='ltr'>Ε</span> <span class='ocrx_word' id='word_1_268' title='bbox 404 3575 426 3621; x_wconf 91' lang='lat' dir='ltr'>Y</span> <span class='ocrx_word' id='word_1_269' title='bbox 447 3576 473 3631; x_wconf 84' lang='lat' dir='ltr'>Q</span> 
     </span>
    </p>

    <p class='ocr_par' dir='ltr' id='par_1_17' title="bbox 151 3636 471 3686">
     <span class='ocr_line' id='line_1_33' title="bbox 151 3636 471 3686; baseline 0.016 -5"><span class='ocrx_word' id='word_1_270' title='bbox 151 3636 247 3683; x_wconf 87' lang='lat' dir='ltr'>materia</span> <span class='ocrx_word' id='word_1_271' title='bbox 258 3651 317 3684; x_wconf 83' lang='lat' dir='ltr'>nora</span> <span class='ocrx_word' id='word_1_272' title='bbox 332 3637 356 3683; x_wconf 92' lang='lat' dir='ltr'>in</span> <span class='ocrx_word' id='word_1_273' title='bbox 371 3638 471 3686; x_wconf 82' lang='lat' dir='ltr'>formam</span> 
     </span>
    </p>

    <p class='ocr_par' dir='ltr' id='par_1_18' title="bbox 151 3699 469 3758">
     <span class='ocr_line' id='line_1_34' title="bbox 151 3699 469 3758; baseline 0.016 -14"><span class='ocrx_word' id='word_1_274' title='bbox 151 3699 237 3747; x_wconf 83' lang='lat' dir='ltr'>montis</span> <span class='ocrx_word' id='word_1_275' title='bbox 247 3700 373 3758; x_wconf 87' lang='lat' dir='ltr'>cumulata,</span> <span class='ocrx_word' id='word_1_276' title='bbox 381 3712 405 3748; x_wconf 82' lang='lat' dir='ltr'>et</span> <span class='ocrx_word' id='word_1_277' title='bbox 412 3703 469 3758; x_wconf 84' lang='lat' dir='ltr'>brec,</span> 
     </span>
    </p>

    <p class='ocr_par' dir='ltr' id='par_1_19' title="bbox 150 3766 472 3823">
     <span class='ocr_line' id='line_1_35' title="bbox 150 3766 472 3823; baseline 0.009 -13"><span class='ocrx_word' id='word_1_278' title='bbox 150 3775 263 3823; x_wconf 86' lang='lat' dir='ltr'>perpetuo</span> <span class='ocrx_word' id='word_1_279' title='bbox 270 3775 354 3812; x_wconf 88' lang='lat' dir='ltr'>conatu</span> <span class='ocrx_word' id='word_1_280' title='bbox 363 3766 472 3813; x_wconf 88' lang='lat' dir='ltr'>receden-</span> 
     </span>
    </p>

    <p class='ocr_par' dir='ltr' id='par_1_20' title="bbox 150 3826 470 3888">
     <span class='ocr_line' id='line_1_36' title="bbox 150 3826 470 3888; baseline 0.013 -14"><span class='ocrx_word' id='word_1_281' title='bbox 150 3826 176 3873; x_wconf 89' lang='lat' dir='ltr'>di</span> <span class='ocrx_word' id='word_1_282' title='bbox 186 3844 201 3875; x_wconf 83' lang='grc' dir='ltr'>ι</span> <span class='ocrx_word' id='word_1_283' title='bbox 208 3839 288 3875; x_wconf 81' lang='lat' dir='ltr'>centro</span> <span class='ocrx_word' id='word_1_284' title='bbox 299 3829 335 3876; x_wconf 82' lang='lat' dir='ltr'>sui</span> <span class='ocrx_word' id='word_1_285' title='bbox 346 3830 424 3876; x_wconf 81' lang='lat' dir='ltr'>motin</span> <span class='ocrx_word' id='word_1_286' title='bbox 436 3832 470 3888; x_wconf 90' lang='lat' dir='ltr'>D,</span> 
     </span>
    </p>

    <p class='ocr_par' dir='ltr' id='par_1_21' title="bbox 150 3893 1264 4019">
     <span class='ocr_line' id='line_1_37' title="bbox 150 3893 1111 3956; baseline 0.019 -18"><span class='ocrx_word' id='word_1_287' title='bbox 150 3893 253 3940; x_wconf 81' lang='lat' dir='ltr'>turbabit</span> <span class='ocrx_word' id='word_1_288' title='bbox 279 3903 370 3940; x_wconf 84' lang='lat' dir='ltr'>motum</span> <span class='ocrx_word' id='word_1_289' title='bbox 397 3894 469 3955; x_wconf 77' lang='lat' dir='ltr'>globi,</span> <span class='ocrx_word' id='word_1_290' title='bbox 1098 3913 1111 3956; x_wconf 79' lang='lat' dir='ltr'>t</span> 
     </span>
     <span class='ocr_line' id='line_1_38' title="bbox 151 3939 1264 4019; baseline 0.012 -18"><span class='ocrx_word' id='word_1_291' title='bbox 151 3955 471 4019; x_wconf 71' lang='lat' dir='ltr'>quodpmemgtoth,cui</span> <span class='ocrx_word' id='word_1_292' title='bbox 1110 3947 1176 4006; x_wconf 49' lang='lat' dir='ltr'>&#39;aa&#39;</span> <span class='ocrx_word' id='word_1_293' title='bbox 1223 3939 1264 4015; x_wconf 88' lang='lat' dir='ltr'>H</span> 
     </span>
    </p>

    <p class='ocr_par' dir='ltr' id='par_1_22' title="bbox 150 4019 471 4072">
     <span class='ocr_line' id='line_1_39' title="bbox 150 4019 471 4072; baseline 0.025 -7"><span class='ocrx_word' id='word_1_294' title='bbox 150 4019 251 4068; x_wconf 69' lang='lat' dir='ltr'>adheret</span> <span class='ocrx_word' id='word_1_295' title='bbox 274 4020 373 4068; x_wconf 85' lang='lat' dir='ltr'>validius</span> <span class='ocrx_word' id='word_1_296' title='bbox 396 4025 471 4072; x_wconf 80' lang='lat' dir='ltr'>trabat</span> 
     </span>
    </p>

    <p class='ocr_par' dir='ltr' id='par_1_23' title="bbox 150 4085 1480 4422">
     <span class='ocr_line' id='line_1_40' title="bbox 150 4085 1414 4192; baseline 0.023 -63"><span class='ocrx_word' id='word_1_297' title='bbox 150 4098 221 4192; x_wconf 75' lang='lat' dir='ltr'>quam</span> <span class='ocrx_word' id='word_1_298' title='bbox 232 4085 267 4132; x_wconf 78' lang='lat' dir='ltr'>via</span> <span class='ocrx_word' id='word_1_299' title='bbox 277 4086 409 4165; x_wconf 49' lang='lat' dir='ltr'>contritum</span> <span class='ocrx_word' id='word_1_300' title='bbox 419 4099 509 4163; x_wconf 64' lang='lat' dir='ltr'>partem</span> <span class='ocrx_word' id='word_1_301' title='bbox 520 4094 649 4154; x_wconf 83' lang='lat' dir='ltr'>oppositam</span> <span class='ocrx_word' id='word_1_302' title='bbox 664 4097 695 4154; x_wconf 91' lang='lat'>0,</span> <span class='ocrx_word' id='word_1_303' title='bbox 704 4099 780 4162; x_wconf 74' lang='lat' dir='ltr'>megia</span> <span class='ocrx_word' id='word_1_304' title='bbox 811 4102 848 4147; x_wconf 81' lang='lat' dir='ltr'>rel</span> <span class='ocrx_word' id='word_1_305' title='bbox 861 4101 883 4148; x_wconf 90' lang='lat' dir='ltr'>P</span> <span class='ocrx_word' id='word_1_306' title='bbox 893 4103 933 4150; x_wconf 86' lang='lat' dir='ltr'>ubi</span> <span class='ocrx_word' id='word_1_307' title='bbox 943 4104 1025 4163; x_wconf 87' lang='lat' dir='ltr'>polum</span> <span class='ocrx_word' id='word_1_308' title='bbox 1036 4118 1084 4151; x_wconf 91' lang='lat' dir='ltr'>non</span> <span class='ocrx_word' id='word_1_309' title='bbox 1095 4105 1172 4168; x_wconf 79' lang='lat' dir='ltr'>magia</span> <span class='ocrx_word' id='word_1_310' title='bbox 1182 4106 1206 4154; x_wconf 85' lang='lat' dir='ltr'>io</span> <span class='ocrx_word' id='word_1_311' title='bbox 1217 4123 1289 4157; x_wconf 69' lang='lat' dir='ltr'>urum</span> <span class='ocrx_word' id='word_1_312' title='bbox 1297 4114 1414 4170; x_wconf 64' lang='lat' dir='ltr'>permut</span> 
     </span>
     <span class='ocr_line' id='line_1_41' title="bbox 167 4150 1414 4236; baseline 0.022 -43"><span class='ocrx_word' id='word_1_313' title='bbox 167 4162 297 4224; x_wconf 55' lang='lat' dir='ltr'>opressum</span> <span class='ocrx_word' id='word_1_314' title='bbox 314 4159 338 4197; x_wconf 88' lang='lat' dir='ltr'>et</span> <span class='ocrx_word' id='word_1_315' title='bbox 348 4150 401 4227; x_wconf 75' lang='lat' dir='ltr'>ideo</span> <span class='ocrx_word' id='word_1_316' title='bbox 411 4151 481 4227; x_wconf 65' lang='lat' dir='ltr'>sacret</span> <span class='ocrx_word' id='word_1_317' title='bbox 490 4166 518 4202; x_wconf 86' lang='lat' dir='ltr'>ut</span> <span class='ocrx_word' id='word_1_318' title='bbox 527 4156 576 4216; x_wconf 88' lang='lat' dir='ltr'>poli</span> <span class='ocrx_word' id='word_1_319' title='bbox 587 4159 614 4209; x_wconf 85' lang='lat' dir='ltr'>P.</span> <span class='ocrx_word' id='word_1_320' title='bbox 623 4176 647 4219; x_wconf 89' lang='lat' dir='ltr'>p,</span> <span class='ocrx_word' id='word_1_321' title='bbox 656 4172 732 4210; x_wconf 81' lang='lat' dir='ltr'>errent</span> <span class='ocrx_word' id='word_1_322' title='bbox 740 4179 781 4223; x_wconf 83' lang='lat' dir='ltr'>per</span> <span class='ocrx_word' id='word_1_323' title='bbox 812 4166 847 4212; x_wconf 88' lang='lat' dir='ltr'>bit</span> <span class='ocrx_word' id='word_1_324' title='bbox 857 4181 927 4228; x_wconf 91' lang='lat' dir='ltr'>quam</span> <span class='ocrx_word' id='word_1_325' title='bbox 944 4169 970 4214; x_wconf 90' lang='lat' dir='ltr'>in</span> <span class='ocrx_word' id='word_1_326' title='bbox 986 4168 1098 4227; x_wconf 76' lang='lat' dir='ltr'>aitemm3</span> <span class='ocrx_word' id='word_1_327' title='bbox 1114 4175 1149 4219; x_wconf 79' lang='lat' dir='ltr'>aet</span> <span class='ocrx_word' id='word_1_328' title='bbox 1167 4174 1192 4220; x_wconf 82' lang='lat' dir='ltr'>in</span> <span class='ocrx_word' id='word_1_329' title='bbox 1210 4184 1324 4236; x_wconf 66' lang='lat' dir='ltr'>aquaem</span> <span class='ocrx_word' id='word_1_330' title='bbox 1335 4164 1414 4221; x_wconf 65' lang='grc' dir='ltr'>Εἵα</span> 
     </span>
     <span class='ocr_line' id='line_1_42' title="bbox 150 4212 1416 4303; baseline 0.024 -47"><span class='ocrx_word' id='word_1_331' title='bbox 150 4212 295 4293; x_wconf 70' lang='lat' dir='ltr'>superficiem</span> <span class='ocrx_word' id='word_1_332' title='bbox 311 4214 376 4276; x_wconf 79' lang='lat' dir='ltr'>globi</span> <span class='ocrx_word' id='word_1_333' title='bbox 393 4225 417 4263; x_wconf 88' lang='lat' dir='ltr'>et</span> <span class='ocrx_word' id='word_1_334' title='bbox 432 4218 531 4296; x_wconf 56' lang='lat' dir='ltr'>circulo?</span> <span class='ocrx_word' id='word_1_335' title='bbox 549 4221 571 4268; x_wconf 93' lang='lat' dir='ltr'>L</span> <span class='ocrx_word' id='word_1_336' title='bbox 585 4224 603 4269; x_wconf 88' lang='lat' dir='ltr'>Z</span> <span class='ocrx_word' id='word_1_337' title='bbox 616 4224 653 4299; x_wconf 77' lang='lat' dir='ltr'>.M&#39;</span> <span class='ocrx_word' id='word_1_338' title='bbox 668 4226 694 4273; x_wconf 86' lang='lat' dir='ltr'>H</span> <span class='ocrx_word' id='word_1_339' title='bbox 708 4227 732 4273; x_wconf 84' lang='lat' dir='ltr'>X</span> <span class='ocrx_word' id='word_1_340' title='bbox 747 4227 779 4303; x_wconf 58' lang='lat' dir='ltr'>li.</span> <span class='ocrx_word' id='word_1_341' title='bbox 813 4231 854 4277; x_wconf 88' lang='lat' dir='ltr'>ubi</span> <span class='ocrx_word' id='word_1_342' title='bbox 864 4231 1416 4300; x_wconf 70' lang='lat' dir='ltr'>polumunumnonmag&#39;stmlritquamalmr</span> 
     </span>
     <span class='ocr_line' id='line_1_43' title="bbox 150 4285 1480 4422; baseline 0.026 -38"><span class='ocrx_word' id='word_1_343' title='bbox 150 4288 238 4386; x_wconf 52' lang='lat' dir='ltr'>iiim</span> <span class='ocrx_word' id='word_1_344' title='bbox 247 4285 537 4395; x_wconf 52' lang='grc' dir='ltr'>1113112ζί131.</span> <span class='ocrx_word' id='word_1_345' title='bbox 543 4297 682 4400; x_wconf 54' lang='lat' dir='ltr'>*itit</span> <span class='ocrx_word' id='word_1_346' title='bbox 694 4289 782 4407; x_wconf 55' lang='lat' dir='ltr'>itte</span> <span class='ocrx_word' id='word_1_347' title='bbox 813 4295 969 4422; x_wconf 51' lang='lat' dir='ltr'>tietb?</span> <span class='ocrx_word' id='word_1_348' title='bbox 978 4296 1420 4415; x_wconf 44' lang='lat' dir='ltr'>&amp;mihim</span> <span class='ocrx_word' id='word_1_349' title='bbox 1478 4370 1480 4385; x_wconf 77' lang='lat'><em>=</em></span> 
     </span>
    </p>
   </div>
   <div class='ocr_carea' id='block_1_7' title="bbox 147 4406 1480 4737">
    <p class='ocr_par' dir='ltr' id='par_1_24' title="bbox 147 4406 1480 4737">
     <span class='ocr_line' id='line_1_44' title="bbox 150 4406 1480 4495; baseline 0.029 -49"><span class='ocrx_word' id='word_1_350' title='bbox 150 4416 231 4464; x_wconf 68' lang='lat' dir='ltr'>majori</span> <span class='ocrx_word' id='word_1_351' title='bbox 244 4420 265 4450; x_wconf 83' lang='lat' dir='ltr'>ra</span> <span class='ocrx_word' id='word_1_352' title='bbox 277 4406 377 4454; x_wconf 84' lang='lat' dir='ltr'>centrifu</span> <span class='ocrx_word' id='word_1_353' title='bbox 419 4407 476 4458; x_wconf 78' lang='lat' dir='ltr'>facit</span> <span class='ocrx_word' id='word_1_354' title='bbox 491 4421 519 4459; x_wconf 92' lang='lat' dir='ltr'>ut</span> <span class='ocrx_word' id='word_1_355' title='bbox 534 4414 603 4474; x_wconf 81' lang='lat' dir='ltr'>polus</span> <span class='ocrx_word' id='word_1_356' title='bbox 614 4432 629 4476; x_wconf 91' lang='lat' dir='ltr'>p</span> <span class='ocrx_word' id='word_1_357' title='bbox 640 4418 734 4466; x_wconf 81' lang='lat' dir='ltr'>accedat</span> <span class='ocrx_word' id='word_1_358' title='bbox 748 4418 780 4466; x_wconf 88' lang='lat' dir='ltr'>ad</span> <span class='ocrx_word' id='word_1_359' title='bbox 811 4432 859 4479; x_wconf 86' lang='lat' dir='ltr'>tur,</span> <span class='ocrx_word' id='word_1_360' title='bbox 876 4439 917 4471; x_wconf 89' lang='lat' dir='ltr'>aeu</span> <span class='ocrx_word' id='word_1_361' title='bbox 944 4424 974 4471; x_wconf 75' lang='lat' dir='ltr'>ui</span> <span class='ocrx_word' id='word_1_362' title='bbox 985 4425 1035 4472; x_wconf 76' lang='lat' dir='ltr'>nis</span> <span class='ocrx_word' id='word_1_363' title='bbox 1046 4426 1069 4472; x_wconf 89' lang='lat' dir='ltr'>in</span> <span class='ocrx_word' id='word_1_364' title='bbox 1086 4437 1164 4486; x_wconf 77' lang='lat' dir='ltr'>panea</span> <span class='ocrx_word' id='word_1_365' title='bbox 1178 4429 1297 4488; x_wconf 78' lang='lat' dir='ltr'>oppositas</span> <span class='ocrx_word' id='word_1_366' title='bbox 1312 4446 1374 4495; x_wconf 66' lang='grc' dir='ltr'>«μ</span> <span class='ocrx_word' id='word_1_367' title='bbox 1385 4438 1422 4475; x_wconf 71' lang='lat'>¹1¹·</span> <span class='ocrx_word' id='word_1_368' title='bbox 1478 4450 1480 4455; x_wconf 88' lang='lat'>·</span> 
     </span>
     <span class='ocr_line' id='line_1_45' title="bbox 151 4439 1425 4549; baseline 0.028 -39"><span class='ocrx_word' id='word_1_369' title='bbox 151 4464 293 4542; x_wconf 61' lang='lat' dir='ltr'>iletpolua</span> <span class='ocrx_word' id='word_1_370' title='bbox 307 4469 369 4517; x_wconf 88' lang='lat' dir='ltr'>Pad</span> <span class='ocrx_word' id='word_1_371' title='bbox 405 4473 625 4549; x_wconf 67' lang='lat' dir='ltr'>3aublntopartium</span> <span class='ocrx_word' id='word_1_372' title='bbox 652 4480 698 4529; x_wconf 87' lang='lat' dir='ltr'>lobi</span> <span class='ocrx_word' id='word_1_373' title='bbox 706 4482 779 4544; x_wconf 74' lang='lat' dir='ltr'>aqui·</span> <span class='ocrx_word' id='word_1_374' title='bbox 811 4486 888 4544; x_wconf 87' lang='lat' dir='ltr'>hatur,</span> <span class='ocrx_word' id='word_1_375' title='bbox 907 4439 942 4534; x_wconf 84' lang='lat' dir='ltr'>rel</span> <span class='ocrx_word' id='word_1_376' title='bbox 960 4489 1029 4536; x_wconf 86' lang='lat' dir='ltr'>etiam</span> <span class='ocrx_word' id='word_1_377' title='bbox 1047 4488 1156 4539; x_wconf 69' lang='lat' dir='ltr'>adda-do</span> <span class='ocrx_word' id='word_1_378' title='bbox 1174 4494 1296 4542; x_wconf 80' lang='lat' dir='ltr'>materiam</span> <span class='ocrx_word' id='word_1_379' title='bbox 1312 4502 1425 4543; x_wconf 71' lang='lat' dir='ltr'>norm!</span> 
     </span>
     <span class='ocr_line' id='line_1_46' title="bbox 148 4528 1427 4621; baseline 0.027 -46"><span class='ocrx_word' id='word_1_380' title='bbox 148 4528 235 4605; x_wconf 80' lang='lat' dir='ltr'>libno;</span> <span class='ocrx_word' id='word_1_381' title='bbox 251 4531 315 4579; x_wconf 82' lang='lat' dir='ltr'>undt</span> <span class='ocrx_word' id='word_1_382' title='bbox 330 4537 426 4584; x_wconf 66' lang='lat' dir='ltr'>mutent</span> <span class='ocrx_word' id='word_1_383' title='bbox 441 4538 483 4587; x_wconf 65' lang='lat' dir='ltr'>tili</span> <span class='ocrx_word' id='word_1_384' title='bbox 497 4541 637 4602; x_wconf 76' lang='lat' dir='ltr'>revolvente,</span> <span class='ocrx_word' id='word_1_385' title='bbox 656 4545 705 4606; x_wconf 91' lang='lat' dir='ltr'>poli</span> <span class='ocrx_word' id='word_1_386' title='bbox 718 4546 745 4594; x_wconf 86' lang='grc' dir='ltr'>Η</span> <span class='ocrx_word' id='word_1_387' title='bbox 757 4555 781 4594; x_wconf 89' lang='lat' dir='ltr'>et</span> <span class='ocrx_word' id='word_1_388' title='bbox 812 4549 884 4598; x_wconf 72' lang='lat' dir='ltr'>alteri</span> <span class='ocrx_word' id='word_1_389' title='bbox 897 4552 1019 4615; x_wconf 67' lang='lat' dir='ltr'>equam</span> <span class='ocrx_word' id='word_1_390' title='bbox 1035 4565 1100 4613; x_wconf 76' lang='lat' dir='ltr'>parta</span> <span class='ocrx_word' id='word_1_391' title='bbox 1115 4555 1141 4602; x_wconf 83' lang='lat' dir='ltr'>in</span> <span class='ocrx_word' id='word_1_392' title='bbox 1160 4556 1192 4612; x_wconf 70' lang='grc'>11,</span> <span class='ocrx_word' id='word_1_393' title='bbox 1206 4558 1254 4619; x_wconf 63' lang='lat' dir='ltr'>qui</span> <span class='ocrx_word' id='word_1_394' title='bbox 1269 4560 1339 4621; x_wconf 73' lang='lat' dir='ltr'>polita</span> <span class='ocrx_word' id='word_1_395' title='bbox 1355 4560 1427 4609; x_wconf 65' lang='grc' dir='ltr'>ΡΜ·</span> 
     </span>
     <span class='ocr_line' id='line_1_47' title="bbox 149 4592 1427 4683; baseline 0.025 -43"><span class='ocrx_word' id='word_1_396' title='bbox 149 4592 297 4670; x_wconf 65' lang='lat' dir='ltr'>blcmulou</span> <span class='ocrx_word' id='word_1_397' title='bbox 315 4597 469 4675; x_wconf 60' lang='lat' dir='ltr'>Hitlffl,</span> <span class='ocrx_word' id='word_1_398' title='bbox 490 4604 629 4656; x_wconf 82' lang='lat' dir='ltr'><strong>MZLM</strong></span> <span class='ocrx_word' id='word_1_399' title='bbox 648 4608 783 4658; x_wconf 80' lang='lat' dir='ltr'>describunt</span> <span class='ocrx_word' id='word_1_400' title='bbox 814 4616 1241 4683; x_wconf 71' lang='lat' dir='ltr'>tumtrabaturquantumpolrapi</span> <span class='ocrx_word' id='word_1_401' title='bbox 1261 4620 1427 4673; x_wconf 65' lang='lat' dir='ltr'>macuati</span> 
     </span>
     <span class='ocr_line' id='line_1_48' title="bbox 147 4658 895 4737; baseline 0.028 -31"><span class='ocrx_word' id='word_1_402' title='bbox 147 4672 174 4706; x_wconf 80' lang='lat' dir='ltr'>in</span> <span class='ocrx_word' id='word_1_403' title='bbox 185 4658 308 4721; x_wconf 78' lang='lat' dir='ltr'>tuperflne</span> <span class='ocrx_word' id='word_1_404' title='bbox 318 4661 382 4724; x_wconf 75' lang='lat' dir='ltr'>globi</span> <span class='ocrx_word' id='word_1_405' title='bbox 392 4666 453 4714; x_wconf 74' lang='lat' dir='ltr'>cuod</span> <span class='ocrx_word' id='word_1_406' title='bbox 464 4679 553 4729; x_wconf 84' lang='lat' dir='ltr'>puncta</span> <span class='ocrx_word' id='word_1_407' title='bbox 570 4670 599 4726; x_wconf 80' lang='lat'>1³,</span> <span class='ocrx_word' id='word_1_408' title='bbox 617 4688 640 4734; x_wconf 84' lang='lat' dir='ltr'>p,</span> <span class='ocrx_word' id='word_1_409' title='bbox 657 4673 706 4722; x_wconf 83' lang='lat' dir='ltr'>n&#39;re</span> <span class='ocrx_word' id='word_1_410' title='bbox 721 4674 783 4724; x_wconf 83' lang='lat' dir='ltr'>circa</span> <span class='ocrx_word' id='word_1_411' title='bbox 814 4678 895 4737; x_wconf 72' lang='lat' dir='ltr'>positi.</span> 
     </span>
    </p>
   </div>
   <div class='ocr_carea' id='block_1_8' title="bbox 0 0 1598 5444">
    <p class='ocr_par' dir='ltr' id='par_1_25' title="bbox 0 0 1598 5444">
     <span class='ocr_line' id='line_1_49' title="bbox 0 0 1598 5444; baseline 0 3"><span class='ocrx_word' id='word_1_412' title='bbox 0 0 1598 5444; x_wconf 95' lang='lat' dir='ltr'> </span> 
     </span>
    </p>
   </div>
  </div>
 </body>
</html>
