3188 5444
157 479 201 542 xil
670 480 930 546 PRAEFATIO.

152 651 278 731 bendas,
295 653 336 718 ed
350 665 454 718 motus
468 675 637 738 corporum
650 655 788 739 plurium
802 655 883 719 inter
898 677 940 732 se,
963 654 1005 717 ad
1026 665 1129 719 motus
1144 677 1312 741 corporum
1327 657 1360 719 in
1375 679 1440 721 me·

150 760 210 825 diis
224 762 449 841 resistentibus,
466 761 508 826 ad
521 765 612 839 vires,
629 761 798 827 densitates
811 774 844 827 et
857 774 961 827 motus
975 761 1161 839 mediorum,
1177 763 1218 826 ad
1232 763 1324 828 orbes
1336 786 1440 828 come-

149 881 253 934 tarum
267 881 299 933 et
319 869 431 934 similia
452 880 602 954 spectant,
630 869 799 935 editionem
824 871 858 933 in
883 869 968 934 eliud
992 882 1116 955 tempus
1142 869 1347 935 differendam
1372 895 1441 938 esse

148 977 266 1062 putavi,
289 988 325 1041 ut
343 976 611 1042 oaetera·rimarer
633 988 664 1041 et
682 975 747 1041 uni
765 978 798 1041 in
819 976 981 1062 publicum
1002 975 1121 1041 darem.
1164 976 1248 1052 Quae
1274 977 1314 1042 sd
1336 991 1440 1043 motus

147 1086 273 1152 lunares
288 1097 431 1173 spectent
445 1085 640 1174 (imperfecta
654 1109 726 1152 cum
740 1087 815 1168 sint)
830 1087 864 1150 in
876 1085 1059 1150 Corollariis
1071 1086 1301 1172 Propositionis
1314 1088 1441 1152 LXVI.

149 1194 243 1259 simul
258 1194 441 1279 complexus
456 1216 535 1272 sum,
551 1215 592 1259 ne
607 1193 731 1283 singula
744 1193 895 1258 methodo
916 1192 1088 1280 prolixiore
1105 1216 1199 1280 quam
1221 1215 1280 1280 pro
1302 1196 1349 1259 rei
1370 1196 1440 1284 dig·

149 1302 247 1366 nitate
260 1323 447 1387 proponere,
463 1313 496 1366 et
510 1301 667 1390 sigillatim
682 1302 896 1366 demonstrare
911 1314 1044 1381 tenerer,
1065 1313 1097 1367 et
1117 1303 1229 1367 seriem
1250 1303 1440 1390 reliquarum

149 1409 400 1494 propositionum
414 1410 649 1494 interrumpere.
695 1408 857 1474 Nonnulla
871 1409 941 1476 serd
956 1412 1083 1476 inventa
1095 1411 1172 1476 locis
1193 1409 1298 1477 mimis
1319 1413 1440 1478 idoneis

150 1518 287 1584 inserere
300 1519 407 1597 malui,
424 1542 519 1606 quam
532 1541 699 1585 numerum
712 1520 962 1608 propositionum
977 1535 1010 1586 et
1030 1522 1191 1586 citationes
1215 1535 1346 1586 mutare.
1393 1522 1441 1588 Ut

150 1627 257 1691 omnia
269 1626 402 1692 candide
416 1627 561 1716 legantur
575 1640 607 1693 et
621 1627 759 1693 defectus
773 1629 806 1693 in
820 1628 949 1695 materiei
964 1642 1029 1694 tom
1043 1629 1161 1695 difficili
1175 1651 1240 1694 non
1254 1643 1319 1695 tam
1334 1651 1440 1716 repre·

151 1734 315 1814 hendatur‚
331 1759 425 1823 quam
439 1738 529 1801 novis
543 1738 696 1803 lectorum
716 1739 879 1806 conatibus
901 1741 1135 1829 investigentur,
1159 1753 1191 1805 et
1207 1741 1343 1830 benigni
1366 1764 1439 1825 sup·

149 1842 303 1925 pleantur,
320 1842 411 1907 enixi
427 1865 514 1932 rogo.

246 2082 670 2143 Dameamtsgrmauegas.
693 2083 821 2139 Matri,

435 2166 529 2216 Maiis.
544 2168 613 2214 1686.

1146 2421 1195 2488 IS
1212 2421 1434 2490 NEWTON.

730 2610 858 2648 ιι,-

546 2767 785 2838 AUCTORIS
808 2760 1066 2835 PRAEFATIO

398 3047 781 3125 EDITIONEM
819 3043 1187 3120 SECUNDAM.

720 3233 861 3256 m

157 3417 210 3508 ln
225 3441 286 3508 hic
301 3437 437 3507 secundi
451 3438 687 3525 Principioruml
693 3439 829 3504 editione
843 3439 942 3504 multa
952 3439 1083 3526 sparsim
1094 3438 1308 3517 emendantur,
1322 3455 1353 3504 et
1363 3462 1443 3505 non·

153 3551 242 3617 nulla
262 3548 459 3634 adjiciuntur.
505 3546 544 3612 In
568 3547 658 3613 Libri
680 3547 779 3613 Primi
796 3550 941 3615 Sectione
956 3549 1002 3616 11.
1024 3550 1162 3614 inventio
1183 3549 1306 3627 virium,
1331 3551 1443 3636 quibus

153 3680 287 3746 corpora
301 3658 334 3720 in
348 3656 478 3722 orbibus
492 3656 572 3722 datis
587 3656 704 3721 revolvi
718 3658 848 3743 possint,
871 3657 991 3723 facilior
1012 3659 1155 3724 redditur
1170 3669 1203 3723 et
1217 3660 1360 3745 amplior.
1406 3661 1444 3724 In

155 3771 246 3835 Libri
262 3767 400 3833 Secundi
416 3766 561 3834 Sectione
575 3766 654 3832 Vll.
669 3765 791 3832 theoria
807 3768 991 3834 resistentiae
1010 3768 1179 3833 fluidorum
1201 3767 1376 3832 accuratius
1397 3769 1447 3832 in-

154 3878 335 3966 vestigatur,
351 3889 384 3941 et
397 3875 486 3941 novis
500 3876 721 3961 experimentis
733 3877 946 3942 confirmetur.
958 3875 997 3942 In
1006 3873 1105 3940 Libro
1113 3873 1222 3941 Tertio
1233 3876 1355 3942 theoria
1363 3878 1446 3943 lunre

155 3998 187 4050 et
199 3985 368 4074 praecessio
382 3985 640 4074 aequinoctiorum
655 4008 695 4050 ex
708 3986 872 4073 principiis
886 3986 951 4051 suis
964 3984 1089 4072 pleniris
1104 3985 1313 4064 deducuntur,
1332 4001 1363 4052 et
1379 3988 1448 4055 the-

156 4096 223 4160 oria
237 4082 429 4161 cometarum
442 4095 586 4182 pluribus
601 4107 633 4160 et
652 4093 829 4162 accuretids
849 4095 1035 4181 computatis
1057 4095 1178 4161 orbium
1200 4095 1351 4180 exemplis
1372 4118 1448 4162 con·
1511 4109 1517 4118 '

157 4209 310 4272 firmatum

252 4499 347 4547 natam
359 4497 466 4553 londini,
480 4497 543 4546 Mar.
558 4500 596 4543 28.
613 4499 682 4544 1718.
