3202 5446
272 510 341 572 786
568 491 909 562 PHILOSOPHIAE
933 490 1211 558 NATURALIS
1284 494 1411 572 [Mor.
1424 496 1562 564 Cosrot

255 671 385 736 materia
398 669 525 734 vorticis
540 690 579 732 eo
592 665 718 730 iluidior
734 665 774 727 sit
788 683 852 749 quo
866 661 992 748 longius
1006 661 1102 727 distat
1123 686 1144 726 a
1158 675 1282 741 centro,
1311 664 1365 728 vel
1383 668 1560 739 resistentia.

253 803 326 867 quae
339 779 439 842 oritur
453 798 495 841 ex
508 775 632 839 defectu
645 770 831 836 lubricitatis
846 768 983 853 partium
1000 769 1100 847 fluidi,
1128 793 1170 834 ex
1191 771 1289 836 aucta
1316 772 1493 839 velocitate
1513 784 1560 864 qui

252 903 358 975 partes
373 887 462 953 fluidi
477 895 661 971 separantur
674 880 874 955 abinvicem,
894 892 1049 967 augeatur
1069 881 1103 944 in
1123 883 1243 966 majore
1267 884 1405 948 ratione
1422 885 1515 971 quim
1533 912 1561 952 es

253 996 348 1061 estin
362 992 424 1081 qui
440 992 586 1056 velocitas
601 1000 743 1077 augetur.
790 986 937 1063 Quorum
959 998 1066 1052 temen
1088 1002 1236 1053 neutrum
1259 990 1389 1055 rationi
1406 1010 1559 1057 conserta

252 1123 348 1166 neum
362 1100 495 1165 videtur.
541 1098 650 1162 Partes
664 1095 833 1161 crassiores
847 1110 880 1161 et
893 1095 998 1160 minus
1012 1095 1130 1174 fluidae,
1152 1098 1214 1161 nisi
1228 1121 1351 1186 graves
1368 1101 1486 1166 sintin
1499 1127 1559 1168 oen·

252 1220 347 1284 trum,
364 1205 397 1290 (¹)
413 1203 693 1270 circumferentiam
707 1215 832 1288 petent3
859 1216 890 1267 et
912 1203 1078 1268 verisimile
1093 1217 1140 1268 est
1155 1205 1252 1292 quod,
1279 1208 1419 1274 etiamsi
1440 1211 1558 1277 demon·

252 1315 437 1380 strationum
451 1311 551 1401 gratirl
565 1312 756 1400 hypothesin
770 1311 866 1376 talem
879 1312 969 1377 initio
986 1313 1139 1378 Sectionis
1153 1313 1249 1400 hujus
1264 1322 1512 1403 proposuerim,
1530 1341 1558 1388 ut

252 1427 426 1492 resistentia
439 1426 596 1490 velocitati
616 1423 861 1511 proportionalis
882 1436 972 1502 esset,
1002 1421 1041 1508 (¹)
1058 1437 1163 1489 tamen
1185 1426 1373 1491 resistentia
1398 1430 1436 1494 in
1458 1434 1556 1497 minui

251 1534 292 1596 sit
305 1533 427 1597 ratione
441 1529 536 1618 qudm
550 1554 589 1596 ea
602 1531 775 1597 velocitatis
790 1543 847 1597 est
891 1530 925 1616 (¹)
943 1529 1019 1606 Quo
1040 1552 1198 1609 concesso,
1222 1545 1384 1618 tempora
1407 1540 1557 1623 period'm

250 1641 387 1724 partium
401 1641 529 1704 vorticis
541 1653 634 1705 erunt
647 1641 682 1704 in
695 1641 807 1725 majori
828 1637 923 1725 quint
945 1637 1102 1724 duplicati
1124 1641 1245 1705 ratione
1268 1642 1507 1713 distantiarum
1526 1651 1557 1714 ab

250 1752 347 1837 ipsius
368 1763 488 1816 centro.
533 1750 630 1827 Quod
653 1751 680 1814 si
700 1751 835 1814 vortices
859 1748 918 1834 (uti
938 1748 1117 1836 aliquorum
1131 1763 1179 1815 est
1192 1753 1322 1837 opinio)
1339 1756 1485 1823 celerius
1499 1782 1558 1824 mo·

249 1874 382 1926 veantur
395 1883 497 1947 prope
511 1874 664 1939 centrum,
680 1860 755 1925 dein
769 1858 888 1924 tardius
903 1881 1001 1944 usque
1016 1858 1058 1923 ed
1072 1871 1192 1925 certum
1202 1859 1353 1942 limitem,
1370 1878 1449 1931 turn
1463 1869 1558 1935 denno

250 1969 381 2035 celerius
404 1974 497 2056 juxta
522 1970 821 2046 circumferentiam
846 1982 930 2034 certe
944 1991 1003 2034 nec
1018 1971 1098 2034 ratio
1120 1972 1348 2058 sesquiplicata
1373 2000 1487 2066 neque
1506 1980 1558 2045 slis

249 2080 367 2166 quaevis
381 2094 467 2144 certa
480 2102 518 2145 ac
532 2081 740 2147 determinata
749 2080 891 2146 obtinere
904 2091 1016 2165 potest.
1062 2083 1110 2166 (¹¹¹)
1126 2081 1274 2149 Viderint
1285 2086 1405 2175 itaque
1420 2090 1557 2175 pbiloso-

249 2187 306 2272 phi
320 2210 384 2275 quo
398 2202 493 2273 pacto
515 2189 748 2275 phaenomenou
769 2187 848 2253 illud
869 2187 998 2251 rationis
1021 2189 1248 2276 sesquiplicatoe
1262 2215 1327 2278 per
1343 2199 1489 2264 vortices
1508 2224 1556 2266 ex·

249 2295 357 2380 plicari
372 2299 479 2382 possit

281 2469 313 2532 (ι)
326 2475 339 2501 a
354 2474 571 2538 &mmserenetam
578 2481 664 2534 ,erem
696 2470 727 2518 Id
737 2467 878 2530 experiendi
912 2467 1002 2515 Verum
1013 2483 1055 2530 per
1065 2468 1162 2518 alterum
1177 2470 1325 2536 analogiam,
1344 2493 1463 2528 mrum
1475 2483 1553 2531 salisa

249 2545 353 2593 comtat3
373 2550 428 2581 nam
439 2536 459 2581 si
469 2550 530 2596 aqua
541 2537 567 2580 in
583 2551 636 2582 vase
651 2543 762 2583 oontema
772 2534 797 2580 in
808 2533 878 2579 vorti-
910 2543 934 2579 et
944 2543 1086 2593 temporum,
1102 2535 1235 2584 velocitates
1245 2539 1361 2597 partium
1373 2546 1476 2594 vorticis
1486 2549 1552 2596 dm

248 2612 299 2646 cem
308 2608 398 2661 agatur,
409 2598 482 2658 palen
490 2608 514 2646 ct
521 2598 567 2646 alia
575 2597 712 2659 corpuscula
719 2596 799 2645 minus
805 2595 878 2644 fluida
910 2595 965 2643 laris
974 2607 1030 2644 sunt
1040 2598 1064 2644 in
1076 2599 1163 2646 ratione
1174 2599 1276 2662 simplici
1288 2601 1469 2657 dietam
1479 2628 1494 2660 ι
1504 2613 1551 2661 ω

249 2672 333 2722 petum
343 2661 562 2710 circumferentiam.
910 2659 1037 2721 reciproce.
1073 2662 1136 2709 Nam
1152 2664 1171 2710 ai
1187 2664 1283 2725 planeta
1296 2667 1330 2727 P,
1349 2673 1458 2721 αὺίωῃ
1474 2676 1550 2738 «ψ.

281 2724 319 2801 (¹)
332 2730 345 2757 ⁸
362 2728 725 2777 Temenrctittmtiaintninori
740 2727 874 2775 atram.
909 2725 1019 2790 caqu
1033 2726 1550 2789 deescribatetndiisadumtilkun

250 2789 685 2853 (thuldmamnotinbocechol.)
910 2788 1381 2863 ductisumquatesrnsqffi
1406 2805 1550 2866 mm

280 2854 311 2918 (¹)
323 2859 337 2887 ⁸
352 2858 402 2909 Quo
413 2872 525 2906 wacena.
544 2856 605 2920 (Per
616 2866 664 2904 not.
673 2855 745 2917 ³33.)

280 2918 322 2983 (¹¹)
335 2924 349 2952 ⁸
367 2923 469 2970 Viderint
479 2924 558 2985 itaque
570 2923 702 2983 philosophi.
739 2918 874 2969 Difficultas

247 2986 334 3038 crescit,
352 2984 426 3031 sitris
437 2986 507 3033 simul
524 2987 704 3049 conjungantur,
721 3000 775 3048 quse
785 2985 875 3044 primus

246 3049 352 3095 omnium
376 3049 494 3110 Keplerus
511 3049 571 3097 miri
590 3050 714 3112 sagacitate
724 3063 753 3096 ex
768 3051 874 3097 observa·

247 3113 350 3159 tionibus
371 3114 530 3161 astronomicis
551 3115 656 3162 deduxit
700 3114 809 3161 Primum
830 3124 872 3171 est,

244 3177 349 3237 planetas
365 3176 390 3222 in
410 3177 536 3238 ellipsibus
559 3194 659 3242 quarum
675 3177 814 3226 umbilicum
832 3179 873 3226 Sol

243 3250 349 3300 occupet,
361 3241 516 3290 revolutiones
527 3259 580 3289 suas
591 3258 707 3307 peragere.
736 3242 872 3290 Secundum

244 3314 279 3352 eat
289 3306 393 3365 planetas
411 3305 518 3367 singulos
535 3307 646 3355 rediitad
658 3307 737 3354 Solent
748 3308 831 3362 ductis,
848 3318 872 3355 et

243 3369 352 3417 satellites
362 3367 432 3416 radiis
442 3368 472 3415 ad
483 3386 553 3416 suum
565 3371 701 3432 primarium
712 3370 796 3428 ductis,
807 3387 871 3418 areas

243 3432 372 3481 describere
382 3434 525 3493 temporibus
536 3436 725 3496 proportionales.
762 3436 869 3483 Tertium

243 3509 284 3554 est,
297 3509 401 3558 tempora
409 3498 525 3558 periodica
534 3498 679 3557 planetarum
689 3498 749 3546 circi
759 3500 837 3546 Solem
846 3511 870 3548 et

241 3563 367 3610 satellitum
378 3561 439 3609 circi
449 3563 585 3623 primarium
596 3579 674 3620 suurn,
685 3580 735 3611 esse
746 3563 769 3609 in
781 3565 869 3612 ratione

241 3625 403 3689 sesquiplicaui
421 3627 582 3674 distantiarum
599 3644 614 3674 a
629 3639 709 3675 centro
726 3629 762 3675 sui
781 3630 865 3677 motus.

243 3692 280 3738 Er
293 3690 337 3737 lnic
348 3692 497 3750 proportione
512 3691 631 3754 colligitur
647 3692 792 3752 planetarum
805 3695 867 3742 telo-

240 3757 321 3803 citatcs
332 3756 355 3800 in
364 3755 519 3803 mediocribus
529 3755 642 3803 distantis
648 3759 678 3803 ab
685 3757 795 3804 umbilico
803 3773 866 3804 com·

240 3809 309 3866 muni
319 3835 368 3865 esse
380 3820 495 3878 reciproce
506 3821 530 3866 in
541 3821 630 3867 ratione
646 3821 808 3881 subduplicatti
819 3823 864 3869 dis-

240 3886 363 3930 tantiarum
376 3883 475 3930 illarum.
498 3884 549 3933 Sint
557 3886 619 3931 enim
631 3885 663 3941 D,
675 3895 698 3931 ct
708 3884 732 3940 d,
740 3886 866 3934 mediocres

240 3948 385 4007 planetarum
405 3948 520 3995 distantiae
540 3949 562 3996 T
581 3959 605 3996 et
622 3960 639 4004 t,
662 3964 743 3996 eorum
761 3961 865 4012 tempora

239 4012 360 4071 perinlica.
373 4021 396 4057 et
406 4013 517 4072 quoniam
528 4014 551 4058 in
563 4013 662 4077 singulis
670 4013 815 4073 planetarum
827 4033 865 4063 or·

238 4075 292 4121 bitis
313 4089 383 4136 parve
403 4085 438 4122 est
459 4077 573 4125 distantis·
592 4077 701 4124 maxime
718 4089 743 4123 et
761 4080 865 4128 minime

239 4138 376 4194 differentia,
399 4140 417 4185 si
437 4141 569 4189 conferatur
586 4157 641 4189 cum
660 4142 792 4188 differentis
811 4161 864 4207 quae

238 4203 298 4249 iuter
313 4203 434 4250 distantias
451 4203 554 4253 duorum
573 4207 718 4267 planetarum
736 4207 863 4266 intercedit,

239 4268 311 4324 spatie
326 4269 467 4326 temporibus
479 4270 502 4316 T
512 4281 563 4326 ert,
580 4271 693 4332 descripta
709 4281 777 4316 erunt
792 4290 864 4335 quam

238 4331 343 4389 pmritne
361 4342 387 4376 ut
404 4332 521 4381 distantiae
534 4337 559 4382 D
570 4349 594 4381 et
604 4336 635 4393 d;
656 4334 719 4382 unde
736 4336 867 4387 velocitates
900 4323 955 4370 ω*
972 4337 1053 4381 '‘¹¹⁸¹-
1073 4338 1153 4377 (ΜΟ
1166 4331 1182 4378 S
1193 4341 1216 4378 ⁰²
1227 4332 1297 4379 “dib
1310 4335 1327 4382 s
1340 4336 1370 4391 Ρ,
1385 4339 1402 4384 S
1416 4340 1440 4395 Q
1452 4341 1532 4390 dmi·

357 4393 382 4440 Ι)
439 4395 455 4443 d
651 4400 677 4448 ῃ
762 4399 779 4445 d
900 4390 986 4435 bantur
996 4406 1064 4438 arctis
1074 4394 1197 4441 circulares
1208 4412 1278 4459 quam
1290 4401 1384 4447 minimi
1399 4404 1451 4462 Pr,
1467 4408 1491 4462 Q
1504 4409 1532 4458 R,

237 4443 470 4521 eruntutffietT¹
486 4437 582 4491 bocest,
595 4449 622 4487 ut
635 4448 801 4561 ῦ-ῖοῐά-ᾖ,
819 4444 867 4492 sive
900 4453 1052 4513 quiradiisS
1069 4469 1094 4514 p,
1108 4460 1154 4519 Sq.
1167 4464 1376 4520 occumntinnet
1389 4469 1418 4522 tt.
1432 4473 1533 4518 eritaru

296 4556 305 4596 ι
391 4558 400 4599 l
499 4595 505 4605 ι
902 4517 1532 4593 δῆμεδρχΡῐεὸρᾳεὸᾳχρΒ,

239 4600 428 4693 nme-t
900 4583 1111 4700 tttttr
1124 4588 1369 4705 istest
1391 4599 1439 4644 s

237 4693 352 4769 diocrium
364 4696 527 4770 distantiarum
539 4699 637 4773 inverse,
649 4699 732 4776 inqpi
743 4704 812 4750 etiam
830 4721 866 4750 re·
899 4667 1535 4786 descnpntdetqusi'invelocitatescircutffiffiffi

237 4768 304 4834 tione
312 4759 511 4834 sttnt'velocttetes
527 4773 629 4822 paruum
647 4768 737 4812 vorticis
748 4768 866 4815 circularia
900 4775 993 4821 vorticis
1011 4777 1035 4823 in
1055 4779 1083 4833 P,
1101 4791 1124 4826 et
1138 4782 1172 4838 Q;
1193 4784 1263 4843 quare
1274 4785 1409 4835 velocitates
1419 4793 1469 4839 itte
1480 4809 1535 4841 aunt

236 4837 261 4868 tn
281 4823 396 4871 distentus
419 4824 511 4880 Detd,
524 4841 538 4872 ι
551 4827 605 4874 Sole
617 4831 670 4890 (per
687 4830 757 4891 Prop.
772 4831 865 4895 Llll.)
898 4838 924 4884 in
944 4841 1032 4889 ratione
1051 4842 1143 4891 inverati
1160 4845 1329 4897 distantiamm.
1368 4854 1446 4902 Potui
1462 4860 1535 4921 quim
