3202 5446
169 469 229 531 750

243 651 347 702 PROP.
363 649 445 698 XIII.
482 642 668 695 Tnnotx.
719 603 756 642 Μ

147 736 228 786 Posito
243 733 307 797 quod
323 747 407 793 corpus
422 732 451 778 ab
466 727 577 775 uniformi
592 725 705 789 gravitate

176 799 285 848 deorsum
297 807 420 845 sttrsctum
431 793 493 841 recti
503 790 606 839 amendit
616 790 652 838 sel
663 791 706 838 de.

177 863 281 922 asendit,
290 872 314 909 et
320 859 384 924 qubd
391 858 467 907 eidem
473 858 584 905 resistitur
590 856 674 918 partlm
681 857 706 903 in

177 929 267 976 ratione
275 924 408 979 velocitatis,
419 924 503 983 partim
513 923 538 966 iu
549 920 652 981 ejusdem
669 934 705 966 ra-

177 994 240 1040 tione
247 989 376 1051 duplicati:
386 988 439 1035 dloo
447 985 627 1048 quod,sioirouli
633 985 705 1045 etby.

177 1056 278 1118 perbolae
284 1053 402 1104 diametris
409 1049 523 1112 parallelo
529 1057 706 1109 rectaepereon.

173 1123 311 1184 jugatsruru
322 1117 487 1164 diametrorum
497 1113 609 1160 terminos
618 1112 706 1160 ducan-

178 1196 224 1239 tur,
241 1193 265 1230 et
276 1181 407 1228 velocitates
418 1178 464 1225 sint
471 1188 498 1224 ut
506 1191 627 1241 segmenta
641 1191 706 1239 quss-

178 1248 233 1296 dsm
249 1246 411 1308 parallelsrum
421 1242 501 1290 adsto
517 1252 605 1301 puncto
620 1239 705 1298 ducts;

178 1323 283 1372 tempora
291 1320 359 1357 erum
370 1318 398 1356 ut
407 1320 512 1354 arearum
523 1316 628 1362 sectam,
639 1304 708 1352 rectis

178 1393 194 1424 a
203 1386 283 1422 centro
290 1373 321 1422 ad
328 1379 502 1434 segmentomm
510 1369 621 1417 termium
631 1369 707 1416 ductis

178 1439 286 1488 abscissi:
305 1449 330 1485 et
340 1432 422 1484 contri
423 1466 706 1484 ...........................
728 1435 772 1486 521

245 1554 349 1604 PROP.
364 1553 441 1601 XIV.
477 1551 614 1601 Timon.
629 1550 677 1599 XI.

148 1643 236 1693 lisdem
247 1642 333 1703 positis,
351 1641 404 1688 dioo
418 1640 482 1704 quod
498 1639 600 1701 spstium
611 1653 707 1688 ascensu

180 1707 217 1754 vel
224 1707 336 1754 desoensu
342 1706 491 1765 descriptum,
502 1713 571 1751 estut
579 1702 709 1752 differentis

180 1787 240 1818 sreoe
247 1785 365 1833 perquam
372 1780 465 1830 tempus
473 1769 604 1828 exponitur,
615 1776 639 1815 et
649 1782 708 1815 erere

180 1834 302 1898 cujusdam
313 1835 408 1882 slterius
417 1849 470 1896 que
480 1841 581 1895 sugetur
591 1831 628 1879 sel
638 1831 707 1880 dimi-

180 1902 262 1947 unitur
281 1899 307 1945 in
328 1898 488 1962 progressione
508 1896 666 1955 arithmetici5
688 1895 709 1942 si

180 1964 241 2011 rIres
250 1979 279 2011 ex
291 1962 418 2011 resistentid
425 1971 449 2010 et
458 1962 570 2025 gratim
575 1959 709 2022 composite

563 456 684 507 INDEX
702 448 1019 504 PROPOSl'IIONUM.

842 637 947 686 fundum
974 633 1068 697 pondus
1090 633 1198 696 cylindri,
1227 632 1301 697 cujum
1321 633 1383 681 onds
1396 597 1427 632 Ν

842 701 939 764 aqualis
948 711 985 748 est
998 698 1128 760 superficiei
1143 698 1220 755 tundi,
1237 709 1264 745 et
1279 697 1381 746 altitudo

842 766 925 814 eedem
934 781 988 828 que
998 763 1065 812 fluidi
1082 764 1246 811 incumbentis.
1399 771 1439 818 ,Ἦ

894 850 998 902 PROP.
1013 849 1092 898 XXI.
1125 848 1265 897 innon.
1283 849 1356 897 XVI.

811 938 847 987 Sit
863 937 929 984 fluidi
948 935 1070 998 cujusdem
1086 934 1190 981 densitas
1207 933 1378 994 oosupreu‘nm'

840 1000 1025 1063 proportionalis,
1044 1010 1068 1046 et
1083 1009 1159 1060 psrtes
1170 999 1248 1061 ejuss
1259 999 1377 1044 sisenni-

840 1066 895 1129 peti
904 1065 1019 1114 distantiis
1026 1064 1075 1112 suis
1084 1080 1098 1111 u
1109 1073 1190 1110 centro
1198 1061 1318 1122 reciproce
1324 1078 1377 1122 pro-

841 1130 964 1192 portionsli
972 1128 1081 1176 dsorsrlm
1090 1129 1225 1175 trsbsntur:
1241 1127 1298 1173 ἀίω
1307 1128 1375 1189 φιοά,

842 1196 861 1242 si
872 1194 987 1242 umus
997 1193 1045 1240 ius
1056 1203 1180 1239 sumantur
1192 1190 1309 1239 manunt
1323 1207 1376 1251 pro·

842 1257 989 1320 portionsles,
1011 1258 1134 1305 deusitstes
1157 1255 1224 1302 fluidi
1250 1256 1277 1301 io
1295 1255 1377 1302 iisdesrr

842 1322 956 1371 distentiis
973 1331 1043 1370 erunt
1060 1325 1131 1369 edum
1149 1319 1265 1368 oontinud
1281 1335 1378 1381 propa-

842 1387 940 1436 tionslss
943 1416 1376 1435 ........................................
1394 1391 1434 1437 m

876 1486 1087 1539 Pitonxxn.
1122 1484 1265 1533 Tutior.
1283 1484 1376 1532 XVII.

814 1575 849 1623 Sit
870 1573 935 1621 fluidi
951 1571 1072 1636 cujusdam
1090 1570 1194 1619 densitas
1207 1571 1379 1632 eompreniom'

843 1638 1027 1700 proportionalis,
1045 1648 1069 1684 et
1084 1646 1160 1697 partes
1175 1637 1226 1697 ejus
1237 1652 1254 1682 s
1263 1638 1379 1699 gravissu

843 1701 961 1781 qusdrstis
979 1701 1139 1777 dismtisrum
1159 1714 1258 1748 suamm
1269 1711 1378 1748 ametro

843 1892 1380 2021 ense..

180 2038 303 2077 sumuntur
313 2028 339 2074 in
347 2026 506 2091 progressione
515 2022 707 2089 geomeniedu..
727 2022 776 2073 526
844 2023 946 2072 memet
947 2055 1377 2072 ........................................
1397 2027 1438 2075 562

246 2150 349 2199 PROP.
365 2149 425 2198 XV.
461 2149 599 2200 Timon.
614 2149 679 2198 XII.

152 2234 179 2283 si
194 2233 266 2282 medii
281 2236 382 2282 densitas
398 2234 422 2281 in
438 2234 494 2282 loeis
504 2234 603 2299 siugulis
612 2234 643 2281 sit
652 2233 710 2281 reci-

183 2297 253 2361 proci
271 2308 299 2346 ut
314 2299 423 2346 dnunns
440 2299 545 2346 Iocorum
555 2309 656 2347 soentro
666 2299 710 2344 irn-

183 2364 273 2418 mobili,
289 2363 365 2425 sitque
376 2363 410 2408 vis
420 2363 547 2425 centripets
557 2364 582 2410 in
592 2361 711 2424 duplicati

183 2426 404 2502 rationedensitatis:
415 2427 468 2473 dIco
475 2426 538 2501 quod
544 2427 710 2489 corpusgyrsri

146 2515 149 2519 ’
183 2490 711 2617 ffllfflzllzffltffiltssfflff
726 2554 771 2604 so

227 2676 330 2725 PROP.
347 2677 421 2724 XVI.
458 2677 595 2727 Trition.
612 2678 693 2727 XIII.

154 2761 180 2810 Si
190 2760 260 2807 medii
278 2760 378 2808 densim
389 2761 413 2807 in
424 2760 481 2808 locis
496 2762 593 2825 singuiis
609 2762 639 2809 sit
654 2761 711 2810 reoi-

184 2823 253 2887 proesl
269 2836 297 2872 ut
312 2826 420 2873 distsmis
431 2826 535 2874 looorum
545 2843 560 2874 s
570 2836 650 2874 centro
665 2827 710 2872 im-

185 2889 273 2945 mobili,
293 2890 368 2951 sitque
379 2890 414 2936 vis
424 2892 549 2950 centripets
560 2890 675 2952 reciproce
686 2901 713 2938 ut

185 2954 285 3017 dignitas
293 2955 402 3017 quaslibet
408 2955 511 3017 ejusdem
518 2956 646 3003 distantis:
660 2957 713 3003 dito

185 3018 248 3081 quod
259 3034 343 3079 corpus
358 3021 434 3081 gyrari
446 3030 520 3079 potest
530 3020 554 3067 in
565 3020 642 3080 spirsli
659 3036 712 3082 quar

186 3082 262 3129 radios
279 3099 359 3130 ornnes
370 3101 384 3129 s
394 3095 473 3131 centro
492 3085 533 3132 illo
548 3088 631 3131 ductos
640 3085 710 3131 intor-

186 3157 247 3193 ssust
258 3148 282 3192 in
293 3148 381 3208 ungulo
392 3148 446 3195 dato
446 3181 710 3198 .........................
728 3152 774 3203 646

246 3270 350 3318 PROP.
363 3271 452 3318 XVII.
490 3272 618 3321 PIIOBL.
634 3273 681 3322 IV.

158 3356 267 3404 Invenire
277 3367 301 3403 et
312 3356 357 3402 vim
369 3358 519 3417 centripetam
530 3369 554 3406 et
564 3359 635 3406 medii
646 3359 713 3406 resis-

188 3421 291 3477 tentiam,
308 3420 356 3483 quit
366 3437 450 3482 corpus
461 3423 485 3468 in
498 3422 552 3471 dart
562 3423 647 3482 spirali,
659 3422 713 3472 dut

861 2124 966 2173 PROP.
981 2123 1089 2173 XXIII.
1126 2123 1266 2173 TnEort
1283 2124 1393 2172 XVIII.

818 2211 844 2260 si
854 2210 920 2257 fluidi
935 2225 963 2257 es
971 2209 1089 2272 perticulis
1098 2225 1123 2256 se
1133 2207 1218 2257 mutud
1229 2208 1381 2272 fugiatibus

846 2274 965 2336 compositi
976 2274 1075 2321 densitas
1082 2273 1113 2320 sit
1121 2283 1147 2321 ut
1154 2275 1305 2335 eompresdo,
1318 2275 1380 2320 vises

845 2339 983 2415 cenniiugar
1001 2339 1165 2413 panifuunsm
1185 2347 1243 2385 sunt
1261 2337 1382 2399 roeiprooi

842 2419 918 2516 331⁰
919 2403 1000 2516 mii*
993 2403 1382 2528 ioefflmffiiinffi

846 2548 900 2595 qu·
916 2541 971 2580 mot
988 2530 1104 2592 reciproci
1126 2532 1311 2592 proportionales
1330 2530 1381 2577 dIs-

847 2596 924 2645 randis
939 2606 1071 2643 beomorum
1087 2611 1184 2642 suorum
1200 2611 1225 2642 aa
1241 2595 1330 2643 mutuo
1340 2595 1380 2642 su-

847 2662 936 2724 gientes
956 2669 1098 2722 componunt
1119 2658 1220 2706 liuidum
1245 2661 1379 2714 eluricum,

847 2726 915 2787 cujus
931 2723 1031 2771 densitas
1046 2736 1081 2771 est
1096 2725 1263 2785 temptationi
1282 2740 1380 2786 propor-

846 2789 944 2838 tionalis.
948 2821 1378 2837 ........................................
1393 2794 1435 2838 5oe

881 2894 984 2944 Prior.
1000 2895 1102 2942 XXIV.
1138 2896 1280 2944 THEOR.
1297 2898 1377 2945 XIX.

818 2982 966 3037 Qusnriures
984 2981 1086 3028 materie
1108 2982 1132 3027 in
1154 2983 1292 3041 corporibus
1309 2983 1381 3030 fune·

847 3046 962 3107 pendulis,
979 3061 1077 3108 quorum
1089 3056 1168 3092 centra
1180 3046 1357 3093 oscillationum
1368 3064 1382 3093 ι

847 3121 926 3158 centro
953 3110 1108 3170 suspensionis
1135 3112 1256 3171 equaliter
1283 3112 1379 3166 disunr,

848 3185 903 3222 sunt
913 3175 937 3222 in
949 3175 1037 3222 ratione
1045 3175 1171 3234 oomposini
1181 3191 1208 3222 er
1221 3177 1313 3222 rstione
1323 3192 1382 3235 pon-

848 3239 931 3287 derum
953 3250 976 3286 et
997 3240 1085 3287 rstione
1106 3238 1224 3298 duplicari
1245 3252 1382 3300 temporum

848 3304 1017 3352 oscillationum
1032 3305 1057 3350 in
1068 3319 1147 3350 vacuo.
1152 3337 1378 3352 .....................
1395 3301 1433 3352 571

900 3402 1005 3451 PROP.
1021 3403 1106 3449 XXV.
1143 3403 1283 3450 THEOR.
1299 3403 1361 3449 XX.

186 3485 311 3532 velocitatis
322 3485 374 3548 iege
385 3486 470 3533 revolvi
481 3498 562 3549 potest.
565 3521 711 3538 ..............
734 3491 780 3542 548
820 3486 921 3547 Corpora
942 3486 1103 3546 Iunependula
1125 3488 1216 3549 quibus,
1247 3487 1272 3532 in
1300 3489 1381 3535 medio

246 3591 350 3638 PROP.
366 3591 472 3640 XVIII.
510 3594 638 3643 PROBI..
654 3595 684 3642 V.

156 3674 220 3723 Daui
239 3677 291 3738 lege
309 3677 343 3723 vis
361 3679 499 3740 centripetae,
522 3681 624 3729 invenire
643 3681 714 3730 medii

186 3740 323 3788 densitatem
339 3743 363 3787 in
377 3743 433 3789 locis
449 3744 552 3806 singulis,
570 3746 616 3808 qui
630 3761 713 3807 corpus

185 3805 264 3853 datsm
275 3807 383 3866 spimlem
398 3807 516 3856 describet
522 3842 710 3859 ..................
717 3810 772 3858 ibid.

239 3913 343 3961 PROP.
360 3915 434 3961 XIX.
471 3916 607 3964 THEOR.
622 3917 695 3965 XIV.

158 3999 236 4046 fluidi
254 4000 391 4062 homogenei
403 4013 426 4048 et
437 4001 535 4058 immoti,
552 4001 614 4064 quod
625 4003 650 4049 in
661 4019 713 4050 mse

186 4079 326 4125 quocunque
337 4065 434 4113 immoto
445 4066 562 4114 clauditur
577 4077 600 4113 et
611 4068 714 4130 undique

187 4128 354 4186 comprimitur,
366 4140 441 4189 partes
449 4147 530 4178 omnes
542 4131 651 4193 (sepositis
658 4147 713 4179 con-

187 4191 333 4244 densationis,
343 4195 467 4255 gravitatis.
480 4207 503 4241 et
511 4196 595 4242 virium
607 4197 713 4244 omnium

187 4258 365 4316 centripetarurn
383 4259 576 4319 considemtIone)
597 4261 715 4322 equaliter

188 4332 325 4378 promuntur
336 4322 447 4383 undique,
460 4334 483 4370 et
494 4325 543 4370 sine
551 4325 616 4370 omni
623 4335 689 4373 motu
699 4343 713 4374 a

188 4386 303 4444 pressione
314 4385 355 4432 itit
365 4398 415 4433 orto
424 4400 560 4447 permanent
568 4389 591 4435 in
603 4390 714 4437 Iocissuis
731 4390 776 4436 ⁵52

255 4491 357 4539 PROP.
373 4494 435 4541 XX.
471 4495 606 4543 THEOII.
623 4497 681 4545 XV.

159 4574 182 4621 si
200 4573 264 4620 fluidi
281 4577 384 4635 spbrerici
396 4591 419 4624 et
430 4579 454 4623 in
471 4579 598 4640 equalibus
610 4597 623 4626 a
633 4592 713 4628 centro

188 4639 301 4685 distantiis
328 4641 473 4704 homogenei,
502 4643 577 4691 fundo
603 4647 714 4705 spbaerieo

188 4704 334 4751 concentrico
349 4704 512 4765 incumbentis,
529 4723 603 4768 portes
614 4711 713 4772 singular

189 4783 267 4815 versus
274 4779 379 4816 centrum
390 4772 461 4819 totius
471 4774 599 4836 gravitent;
617 4775 714 4825 sustinet

849 3551 937 3612 quovis,
949 3551 1061 3598 resistitur
1071 3551 1095 3597 in
1106 3553 1193 3598 ratione
1204 3563 1381 3599 momentorum

849 3616 965 3674 temporIs,
977 3625 1000 3661 et
1010 3630 1105 3676 corpora
1113 3615 1273 3676 funependula
1289 3633 1344 3678 que
1355 3618 1380 3663 in

850 3678 954 3741 ejusdem
969 3679 1088 3741 gravitstis
1103 3680 1214 3740 specificae
1232 3680 1314 3727 medio
1332 3697 1381 3727 non

850 3744 968 3790 resistente
978 3754 1107 3801 moventur,
1124 3745 1280 3791 oscillationes
1297 3745 1322 3791 in
1339 3762 1379 3806 cy-

849 3807 1117 3868 cloideeodemtempore
1123 3819 1243 3871 peragunt.
1251 3821 1382 3856 etsrcwm

849 3883 924 3933 portes
935 3873 1115 3933 proportionales
1126 3873 1194 3919 simul
1210 3873 1379 3922 describunt...
1397 3877 1438 3926 §Il

884 3979 988 4027 PROP.
1004 3981 1105 4028 XXVI.
1141 3981 1280 4029 THEOR.
1296 3983 1377 4032 XXI.

821 4067 951 4126 Corporum
962 4067 1182 4128 funependulorum,
1199 4069 1285 4131 quibus
1296 4072 1383 4119 resisti-

851 4142 890 4177 tur
901 4133 925 4176 in
942 4133 1030 4179 ratione
1048 4134 1204 4187 relocitstum,
1224 4136 1385 4183 oscillatione

852 4196 876 4241 in
892 4196 995 4257 cycloide
1006 4209 1061 4243 sunt
1072 4199 1382 4249 isochronoe.................
1406 4201 1442 4247 53

870 4304 972 4351 eaor.
986 4304 1105 4351 xxvrr.
1135 4274 1279 4353 'rnnort
1296 4309 1393 4357 xxii.

822 4391 846 4438 Si
858 4390 991 4450 corporibus
1002 4390 1168 4451 Iunependulis
1178 4392 1325 4440 redstiturIn
1338 4394 1384 4441 du-

852 4454 937 4516 plicatis
957 4456 1046 4502 ratione
1067 4457 1222 4513 velocitatum,
1245 4459 1387 4506 differentis:

853 4522 913 4566 inter
924 4532 1027 4580 tempora
1038 4521 1208 4568 oscillationum
1220 4523 1244 4568 in
1257 4525 1337 4570 medio
1350 4541 1387 4572 re·-

853 4585 953 4640 sistente,
981 4601 1007 4632 sc
1028 4597 1132 4646 tempora
1158 4587 1332 4635 oscillstionum
1362 4593 1387 4637 iu

853 4649 958 4712 ejusdem
976 4651 1094 4713 gravitatis
1110 4653 1221 4710 specifice
1239 4653 1320 4699 medio
1337 4671 1387 4702 nou

854 4715 979 4772 resistente,
998 4726 1066 4762 erunt
1084 4719 1183 4763 arcubus
1200 4718 1333 4765 oscillando
1344 4720 1388 4767 de·

853 4778 942 4839 scriptis
953 4780 1132 4841 proportionales
1142 4784 1388 4844 quamproxime......
1404 4792 1448 4839 5¹58
