3188 5444
166 493 226 555 690
464 479 804 547 PHILOSOPHIAE
829 474 1103 546 NATURALIS
1160 480 1281 559 [Mor.
1300 480 1441 549 (ἔοιινοι

149 654 312 741 propagati
323 675 390 717 sese
404 651 577 716 dilatabunt
591 651 631 714 ad
646 651 752 726 latera,
768 672 825 734 per
839 650 1088 734 Propositionem
1103 650 1367 734 praecedentem
1386 669 1441 718 eta

150 783 281 846 corpore
295 759 351 823 illo
365 760 498 823 tremulo
514 773 661 844 tanquam
676 772 784 820 centro
799 757 968 834 communi,
985 756 1162 821 secundum
1178 758 1366 842 superficie
1377 781 1440 844 pro

149 867 318 954 pemodum
334 867 501 950 sphaericas
516 880 547 929 et
562 866 782 943 concentricas‚
805 864 945 949 undique
961 864 1240 952 propagabuntur.
1289 864 1385 950 Ctrjua
1403 867 1440 931 rei

149 974 328 1058 exemplum
350 972 476 1059 aliquod
497 972 652 1036 habemus.
669 973 702 1034 in
724 971 825 1049 undis,
849 995 921 1058 quae
935 973 962 1037 si
976 973 1076 1059 digito
1097 972 1243 1037 tremulo
1266 975 1437 1052 excitennrr,

148 1106 213 1147 non
228 1083 330 1147 solum
344 1095 478 1169 pergent
491 1082 565 1145 hinc
580 1083 653 1146 inde
669 1081 841 1147 secundum
855 1084 981 1171 plagam
995 1097 1100 1148 motus
1116 1084 1226 1172 digiti,
1252 1086 1323 1162 sed
1338 1087 1370 1148 iu
1381 1109 1437 1149 mo·

149 1189 227 1253 dum
241 1189 429 1252 circulorum
452 1190 729 1267 concentricorum‚
753 1189 885 1277 digitum
901 1191 1004 1254 statim
1022 1192 1154 1278 cingent
1167 1205 1203 1254 et
1217 1192 1358 1278 undique
1374 1216 1435 1278 pro·

148 1295 356 1384 pagabuntur.
403 1293 486 1357 Nam
500 1295 635 1380 gravitas
650 1296 806 1359 undarum
821 1296 946 1385 supplet
960 1296 1064 1360 locum
1078 1298 1125 1360 vis
1141 1297 1301 1361 elasticae.

195 1407 265 1469 Cor.
282 1413 311 1467 2.
336 1403 375 1488 (¹¹)
393 1403 490 1479 Quod
506 1404 531 1466 si
546 1403 684 1467 medium
699 1405 819 1468 nonsit
837 1405 1015 1469 elasticum:
1038 1390 1197 1491 quoniam*
1216 1408 1291 1491 ejus
1312 1423 1433 1491 partesa

150 1512 288 1594 corporis
304 1510 429 1574 tremuli
444 1509 584 1593 partibus
598 1510 726 1575 vibratis
739 1533 856 1595 pressae
871 1512 1054 1575 condensari
1065 1528 1247 1598 nequeunt,
1264 1515 1433 1601 propagabi-

149 1636 201 1687 tur
222 1633 325 1685 motus
348 1621 380 1682 in
402 1618 529 1682 instanti
551 1618 592 1682 ad
612 1632 717 1703 partes
739 1619 793 1683 ubi
814 1619 953 1683 medium
967 1618 1111 1682 facillime
1127 1619 1227 1697 cedit,
1253 1621 1319 1684 hoc
1333 1636 1385 1698 est,
1404 1621 1435 1684 ad

150 1746 254 1817 partes
276 1756 353 1818 quas
375 1753 489 1815 corpus
511 1730 679 1794 tremulum
699 1731 814 1816 alioqui
836 1752 948 1794 vacuas
963 1715 981 1793 a
995 1742 1086 1816 tergo
1105 1728 1321 1815 relinqueret.
1364 1731 1437 1796 Idem

150 1854 197 1906 est
213 1864 301 1905 casus
317 1863 389 1904 cum
404 1863 478 1904 casu
501 1840 641 1925 corporis
655 1841 688 1903 in
703 1839 807 1903 medio
829 1862 1015 1926 quocunque
1036 1841 1183 1924 projecti.
1232 1841 1380 1905 Medium
1398 1864 1439 1905 oe·

151 1950 255 2016 dendo
269 1951 491 2037 projectilibus,
507 1972 572 2013 non
587 1950 704 2014 recedit
717 1951 750 2013 in
765 1950 921 2014 infinitum
929 1975 938 2026 ;
954 1950 1058 2014 sedin
1073 1950 1234 2015 circulum
1251 1953 1367 2030 eundo,
1381 1975 1440 2037 per-

150 2059 197 2146 git
211 2058 252 2122 ad
267 2059 366 2143 spatia
381 2081 452 2143 quae
467 2080 581 2142 corpus
597 2057 744 2143 relinquit
758 2081 777 2120 a
791 2069 889 2145 tergo.
933 2057 1035 2145 Igitur
1048 2059 1176 2142 quoties
1197 2081 1321 2144 corpus
1340 2074 1441 2122 nunu·

150 2168 217 2231 lum
232 2167 335 2254 pergit
349 2167 382 2229 in
396 2178 518 2250 partem
532 2187 759 2251 quamcunque,
781 2165 920 2228 medium
935 2164 1075 2228 cedendo
1096 2180 1216 2252 perget
1231 2189 1294 2250 per
1307 2166 1442 2230 circulum

152 2277 193 2340 ad
209 2291 313 2361 partes
329 2298 406 2361 quas
429 2297 541 2359 corpus
561 2274 725 2360 relinquit;
751 2286 782 2337 et
803 2274 923 2360 quoties
946 2296 1057 2359 corpus
1080 2277 1270 2363 regreditur
1292 2277 1333 2340 ad
1353 2278 1443 2340 locum

152 2385 300 2470 priorem,
315 2383 454 2447 medium
469 2382 541 2446 inde
556 2381 724 2466 repelletur
738 2395 769 2446 et
783 2382 824 2445 ad
837 2383 942 2446 locum
958 2405 1049 2446 suum
1069 2368 1216 2467 priorem
1241 2384 1366 2449 redibit
1406 2382 1442 2447 Fa

152 2489 292 2576 quamvis
307 2509 421 2571 corpus
436 2487 603 2550 tremulum
619 2508 683 2549 non
698 2487 739 2551 sit
751 2487 886 2564 firmum,
910 2487 966 2551 sed
986 2486 1088 2550 modis
1110 2489 1269 2552 omnibus
1292 2490 1398 2564 flexile,
1419 2487 1440 2551 si

152 2593 488 2681 tamenmagnitudine
511 2592 619 2656 datum
640 2606 774 2671 maneat,
803 2595 948 2680 quoniam
970 2593 1160 2658 tremoribus
1176 2596 1246 2659 suis
1263 2599 1369 2683 nequit
1386 2618 1441 2658 me-

153 2705 241 2769 dium
255 2704 355 2769 ubivis
371 2726 493 2791 urgere,
516 2704 592 2789 quin
607 2704 681 2768 alibi
696 2705 797 2769 eidem
813 2706 904 2768 simul
920 2705 1025 2782 cedat3
1048 2705 1166 2771 efficiet
1179 2722 1218 2771 ut
1234 2709 1382 2784 medium,
1400 2728 1442 2770 te·

154 2814 294 2879 cedendo
309 2838 328 2877 a
340 2812 481 2897 partibus
496 2812 551 2876 ubi
565 2814 725 2897 premitur,
748 2828 860 2903 pergat
880 2838 1002 2901 semper
1016 2816 1049 2878 in
1065 2816 1180 2881 orbem
1195 2818 1241 2882 ad
1257 2833 1362 2904 partes
1381 2838 1440 2905 que

154 2924 256 2988 eidem
271 2921 396 2986 cedunt.
442 2923 484 2998 Q.
500 2945 527 2985 e.
544 2920 575 2985 d.

199 3032 298 3093 Corol.
332 3028 578 3093 Hallucinantur
599 3032 694 3117 igitur
709 3034 763 3118 qui
778 3034 909 3098 credunt
930 3035 1133 3121 agitationem
1155 3040 1303 3121 partium
1321 3039 1439 3102 flamme

154 3136 407 3220 adpressionem,
422 3157 480 3218 per
491 3137 628 3200 medium
638 3139 787 3216 ambiens,
804 3140 974 3204 secundum
985 3140 1083 3204 lineas
1094 3155 1200 3207 rectas
1211 3143 1439 3231 propagandum

154 3241 340 3305 conducere.
386 3242 525 3307 Debebit
547 3238 699 3328 ejusmodi
724 3247 843 3329 pressio
865 3269 929 3310 non
957 3246 997 3310 ab
1025 3248 1199 3335 agitatione
1225 3252 1297 3315 solii
1322 3252 1440 3336 partium

154 3351 300 3427 flammae,
317 3351 406 3415 seda
422 3354 516 3416 totius
532 3353 711 3418 dilatatione
725 3355 867 3419 derivari.

342 3678 624 3744 PROPOSITIO
648 3677 772 3742 XLIV.
818 3677 1088 3745 THEOREMA
1112 3678 1273 3747 XXXV.

154 3873 190 3935 Si
205 3891 285 3955 aqna
302 3876 335 3934 in
349 3875 467 3936 canalis
488 3873 623 3937 maridis
642 3877 746 3937 erectis
763 3873 794 3936 K
811 3874 850 3951 L,
867 3873 907 3937 M
923 3872 956 3937 N
975 3875 1087 3938 vicibus
1108 3878 1247 3941 αἱὶεηιίε
1264 3877 1440 3942 ascendant

199 3984 376 4056 descendam
402 3993 593 4046 construatur
612 3994 709 4047 antem
728 3985 892 4065 pendulum
915 3984 996 4068 cujus
1020 3985 1182 4068 longitudo
1208 3989 1295 4051 inter
1313 3996 1438 4069 punct!

197 4094 395 4174 mapensionis
409 4101 438 4154 et
453 4103 585 4155 centrum
599 4093 795 4156 oscillationis
815 4105 949 4177 aequetur
961 4096 1077 4159 remissi
1095 4098 1307 4181 longitudinis
1320 4094 1437 4180 aquai!

196 4204 300 4264 canali
310 4230 319 4263 :
346 4204 413 4264 dico
433 4205 513 4285 quod
532 4224 613 4286 aqua
636 4207 773 4267 ascendet
794 4214 823 4267 et
843 4207 995 4269 descendet
1018 4209 1124 4271 ir'sdem
1147 4211 1334 4291 temporibus
1351 4207 1436 4291 qul!

192 4313 356 4392 pendulum
370 4315 533 4375 oscillotur.

200 4500 444 4588 Longitudinem
459 4526 548 4590 aquae
562 4526 709 4567 mensuro
725 4506 897 4570 secundum
912 4527 985 4569 axes
998 4507 1115 4571 canalis
1126 4524 1161 4573 et
1171 4531 1316 4588 crurum,
1325 4507 1435 4574 andem

157 4628 288 4670 summae
302 4608 414 4673 horum
431 4612 537 4673 axium
545 4609 700 4696 aequando
709 4635 717 4685 3
734 4624 766 4674 et
774 4612 979 4675 resistentiam
989 4634 1091 4696 aquae,
1102 4636 1178 4699 quae
1188 4618 1294 4682 oritur
1303 4617 1341 4682 ab
1349 4611 1436 4680 attritu

349 4860 351 4864 ,
421 4807 1187 4872 (²)·0aodeimedamcontinuumdtetamdmaiean‚tsc
