3202 5446
154 483 264 550 Lrsru
281 485 446 565 succum]
492 481 733 550 PRINCIPIA
756 475 1126 549 MATHEMATICA.
1351 483 1416 557 431

1450 645 1461 683 Ι

443 789 725 856 Puoeosmo
748 788 774 853 1.
819 741 1090 854 succesus
1112 784 1141 849 1.

155 969 310 1051 Corporis,
333 968 384 1031 mr·
393 969 544 1031 resistitur
557 969 592 1030 in
605 968 725 1029 ratione
750 965 924 1044 velocitatis,
947 973 1039 1029 motus
1058 986 1095 1026 ee
1119 961 1289 1027 resisterint
1309 958 1431 1029 amissus

508 1083 551 1136 est
564 1082 598 1136 ut
611 1074 740 1156 matium
754 1073 894 1135 movendo
907 1071 1076 1156 confictum.

194 1248 279 1313 Nam
303 1268 374 1311 cum
396 1257 498 1309 motus
524 1245 653 1330 singulis
675 1244 823 1329 temporis
837 1243 998 1330 particulis
1013 1242 1182 1330 aequclibus
1197 1242 1325 1307 amissus
1340 1242 1379 1306 sit
1392 1254 1428 1306 ut

152 1357 310 1435 velocitas,
325 1355 387 1420 hoc
402 1357 440 1441 (⁸)
457 1367 512 1433 est,
528 1368 563 1419 ut
577 1337 695 1420 itineris
710 1353 841 1419 confecti
854 1353 1016 1440 particula,
1033 1353 1101 1432 erit,
1117 1351 1347 1438 componendo,
1363 1372 1431 1415 mo-

152 1477 204 1530 tus
219 1477 287 1529 toto
298 1477 441 1549 ternpore
455 1464 585 1528 emissus
601 1476 636 1528 ut
649 1463 708 1527 iter
723 1475 832 1527 totum.
878 1462 919 1540 Q.
935 1486 962 1528 e.
978 1462 1010 1528 d.
1067 1520 1072 1530 ,

199 1574 297 1638 Corot.
322 1574 429 1649 Quare
445 1574 471 1636 si
487 1596 608 1659 corpus,
625 1573 775 1660 gravitate
790 1571 875 1635 omni
890 1571 1082 1649 destitutum,
1097 1570 1130 1633 in
1146 1569 1185 1656 (b)
1201 1570 1306 1657 spatiis
1320 1568 1430 1633 liberis*

153 1679 262 1744 sclavi
277 1681 367 1744 insiti
383 1693 560 1758 moveatur3
583 1703 619 1744 ac
634 1680 725 1744 detur
739 1692 805 1744 tum
826 1691 929 1743 motus
943 1690 1026 1743 totus
1048 1677 1106 1741 sub
1128 1677 1226 1756 initio,
1250 1689 1316 1740 tum
1338 1676 1431 1739 etiam

151 1799 257 1852 motus
272 1787 407 1872 reliquus
428 1801 501 1872 post
523 1789 656 1871 spatium
671 1787 803 1874 'aliquod
818 1786 1009 1852 confectum:
1034 1786 1070 1871 (⁶)
1086 1784 1211 1849 dabitur
1226 1783 1360 1869 spatium
1380 1794 1430 1846 to-

154 1909 224 1961 tum
239 1897 324 1984 quod
339 1919 452 1984 corpus
467 1898 589 1962 infinito
604 1911 743 1983 tempore
764 1897 939 1962 describere
952 1908 1064 1982 potest.
1110 1894 1180 1960 Erit
1201 1895 1284 1960 enim
1299 1893 1433 1978 spatium

152 2003 235 2068 illud
250 2005 290 2070 ud
305 2006 439 2091 spatium
449 2007 515 2091 jam
530 2005 729 2090 descriptum,
745 2018 781 2070 ut
793 2016 896 2070 motus
911 2014 995 2068 totus
1009 2003 1067 2068 sub
1081 2002 1170 2067 initio
1184 2000 1225 2067 sd
1235 1999 1339 2066 motis
1349 1998 1431 2065 illius

154 2125 277 2197 partem
298 2113 453 2178 amissam.
1176 2112 1178 2118 ‘

688 2362 862 2430 LEMMA
885 2363 913 2431 1.

193 2559 388 2637 Quantitates
402 2557 581 2643 dfferentiis
594 2557 655 2620 suis
664 2556 906 2639 proportiormles
919 2561 988 2618 sant
1001 2547 1140 2616 continui
1147 2550 1400 2635 proporticrraies.

204 2724 1436 2804 SitAadA—ButBadB-CetcadC-D,&c.etconvertendo

160 2831 829 2912 fietAsdButBadCetCadD,&c.
876 2833 1008 2909 Q.e.u

432 3103 713 3171 PROPOSITIO
736 3106 781 3171 11.
826 3105 1098 3172 THEOREMA
1118 3108 1165 3173 11.

160 3297 197 3362 Si
209 3299 329 3381 corpori
342 3300 493 3362 resistitur
507 3302 541 3362 im
554 3302 673 3363 rntiorre
687 3302 864 3378 uelocitatis,
887 3310 916 3364 et
930 3302 1006 3364 idem
1019 3298 1083 3365 sort
1095 3302 1127 3366 ai
1139 3299 1234 3366 imita
1242 3325 1303 3387 per
1314 3306 1440 3372 medius

201 3410 337 3473 similare
351 3421 510 3489 moueatur,
526 3421 679 3474 sumantur
693 3420 790 3474 autem
804 3421 937 3494 tempora
952 3413 1101 3495 equatio.-
1124 3414 1290 3479 velocitates
1305 3416 1339 3479 in
1346 3417 1441 3502 prin·

201 3520 291 3601 cipiu
305 3522 485 3602 singularum
500 3530 659 3602 temporum
674 3531 742 3584 sunt
757 3523 789 3583 iu
795 3523 1005 3605 progressione
1013 3523 1204 3606 geometrici,
1220 3534 1249 3588 et
1263 3529 1365 3609 uratia
1375 3526 1440 3590 sin·

198 3629 280 3711 gulis
295 3629 474 3710 temporibus
489 3632 640 3712 descrzffln
654 3640 722 3694 snut
737 3640 770 3692 ut
792 3631 968 3693 velocitates.

165 3792 169 3797 .
206 3821 274 3884 Cos.
292 3829 321 3883 1.
359 3819 526 3884 Dividetur
556 3834 676 3905 tempus
704 3822 737 3883 in
765 3819 932 3905 particulas
963 3820 1115 3907 aequsles3
1153 3835 1184 3888 et
1212 3823 1238 3887 si
1266 3823 1341 3908 ipsis
1369 3847 1442 3909 pur-

160 3928 325 3994 ticularum
350 3930 444 3993 initiis
467 3944 540 4018 agat
561 3931 607 3994 vis
630 3931 812 3995 resistentiae
835 3928 970 4013 impulsu
992 3930 1094 4010 unico,
1122 3953 1192 4017 quae
1214 3931 1254 3995 sit
1273 3943 1308 3996 ut
1329 3931 1442 3998 veloci·

195 4165 229 4230 (¹)
247 4170 260 4196 ’
281 4169 333 4215 Hoc
349 4176 388 4222 est,
408 4176 436 4214 ut
451 4169 537 4215 itineris
554 4169 653 4232 consecti
671 4168 785 4228 comiado
816 4166 905 4214 ratione
922 4165 1069 4229 velocitatis.)
1105 4165 1166 4216 cum
1186 4182 1241 4230 erga
1258 4177 1336 4216 matus
1353 4169 1384 4216 sd
1399 4184 1440 4218 er·

163 4231 217 4298 (12)
229 4233 260 4278 ab
271 4230 351 4278 dotum
363 4231 472 4291 temporis
482 4242 625 4278 momentum
639 4233 676 4292 (er
686 4231 753 4291 hyp.)
817 4231 962 4278 stineniouem
977 4246 1051 4293 usquc
1061 4232 1165 4285 amissas,
1183 4233 1213 4279 sit
1223 4232 1271 4293 ipse
1281 4242 1359 4280 matris
1369 4243 1439 4291 totus,

195 4294 229 4359 (θ)
248 4300 261 4325 ⁰
280 4301 311 4345 In
322 4299 398 4357 crutiis
407 4298 491 4351 tiberis,
510 4294 533 4343 id
544 4306 584 4350 est,
602 4296 626 4341 in
637 4296 722 4359 quibus
731 4295 785 4343 nul-
816 4307 840 4342 et
850 4305 928 4342 motus
938 4295 1014 4342 amissi
1025 4297 1071 4343 siut
1081 4306 1108 4343 ut
1118 4295 1191 4357 spatis
1205 4296 1320 4344 movendo
1335 4297 1441 4347 consuta

159 4359 212 4408 lum
224 4358 288 4406 aliud
300 4370 334 4406 est
345 4359 489 4407 obstaculum
502 4371 584 4419 praeter
594 4359 664 4406 medii
681 4360 788 4408 resisten-
820 4362 873 4422 (per
884 4359 982 4418 Τὴεοτ.)
999 4359 1042 4407 en't
1052 4372 1130 4408 motus
1140 4369 1203 4408 totus
1217 4360 1246 4408 sd
1259 4360 1336 4409 motus
1351 4372 1441 4423 prmus
1508 4382 1511 4393 ·

162 4424 346 4472 tismvelocitsti
357 4424 558 4485 proportionalem.
818 4425 926 4474 amissam
947 4435 999 4484 post
1020 4424 1101 4471 datum
1122 4425 1221 4486 spatium
1242 4424 1390 4487 descriptum,
1413 4436 1441 4475 ut

196 4488 230 4567 ς)
245 4492 258 4519 ·
276 4491 380 4537 Dabitur
395 4492 496 4551 matium
506 4499 579 4536 totum
590 4491 649 4550 quod
660 4506 740 4550 corpus
750 4491 787 4537 iu·
818 4488 918 4550 manum
931 4488 960 4537 ad
971 4489 1145 4536 traductionem
1161 4505 1235 4553 usque
1251 4489 1328 4539 mosiis
1341 4490 1442 4554 ‹incrip-

163 4555 235 4620 fluns
246 4562 347 4614 temam
357 4557 480 4601 describere
486 4563 564 4614 poten,
576 4555 620 4599 hoc
628 4562 669 4609 cst,
680 4553 789 4615 usquead
820 4563 871 4601 tum
882 4552 911 4601 sd
923 4552 981 4602 iliud
992 4553 1074 4600 dutum
1085 4553 1192 4614 specim.
1229 4554 1299 4602 Unde
1309 4556 1382 4620 liq11er
1389 4572 1441 4618 spr-

164 4627 241 4664 motus
252 4617 436 4664 exstinctionem.
467 4616 621 4680 (Ostendetur
631 4627 709 4664 autem
720 4616 788 4675 infra,
821 4617 880 4665 tium
895 4617 958 4681 quod
968 4616 1262 4681 corpusadmotirsusque
1277 4620 1440 4671 extinctionem

164 4679 189 4726 iu
204 4692 261 4730 noes
278 4681 294 4736 f,
313 4682 432 4729 infinitum
449 4691 541 4742 tempus
562 4681 648 4745 requiri
666 4692 693 4729 ut
712 4691 789 4730 motus
818 4681 926 4731 descuisit
941 4681 1034 4729 finitum
1053 4697 1109 4735 esse,
1127 4680 1181 4731 cum
1191 4682 1269 4734 duum
1279 4685 1438 4738 habertntio·

166 4749 242 4795 omnir
257 4747 414 4810 ertingustur,
431 4746 525 4810 qurndo
544 4746 656 4795 resistitur
672 4745 747 4795 motui
762 4747 800 4857 ἰιὲ
820 4761 874 4856 agur
884 4746 914 4797 ad
922 4746 1021 4808 spatium
1032 4745 1132 4796 finitum.

810 4825 824 4858 o
