3202 5446
117 469 234 534 Lim
248 466 414 550 huus]
479 466 720 535 PRINCIPIA
744 468 1116 539 MATHEMATICA.
1338 487 1397 546 861

268 771 555 839 PROPOSITIO
578 770 745 880 LXXIII.
790 773 1065 844 THEOREMA
1086 777 1258 846 XXXIII.

111 973 150 1037 Si
162 973 206 1036 od
217 972 342 1055 splaeroe
354 970 479 1056 olicroy'us
493 974 574 1035 dotae
581 981 695 1054 puncto
709 973 826 1057 siugroa
847 977 971 1039 tendant
991 978 1118 1060 aquales
1138 980 1215 1042 vires
1235 982 1406 1064 centrrpetae

156 1083 348 1145 decrescentes
361 1081 394 1143 in
409 1079 561 1161 duplicotci
576 1081 693 1143 ratione
709 1082 916 1146 distantiarum
932 1105 953 1145 o
961 1086 1100 1166 punctis:
1116 1086 1183 1148 dico
1196 1089 1274 1169 qood
1287 1109 1403 1170 corpus·

155 1190 249 1252 Mum
264 1188 346 1251 intro
360 1189 505 1270 sptaeram
519 1190 703 1252 constituros
717 1191 881 1254 attrahitur
894 1192 926 1256 oi
932 1194 1157 1276 proportionali
1176 1197 1331 1259 distantiat
1343 1217 1403 1261 stuc

155 1298 196 1361 olo
209 1298 302 1381 ipsios
315 1307 422 1362 centro.

155 1470 197 1537 In
211 1469 335 1556 sphaeri
359 1472 432 1538 Ac
457 1469 539 1549 BD,
567 1483 675 1535 centro
698 1473 721 1537 S
744 1449 799 1536 de·¹

109 1577 238 1663 scripti,
251 1578 371 1641 locetur
382 1575 601 1661 corpusculum
615 1577 662 1654 P;
685 1590 717 1643 et
727 1599 799 1642 cen·

108 1697 162 1748 tro
183 1684 296 1750 eodem
318 1685 351 1762 S,
377 1683 540 1748 intervallo
566 1683 642 1761 SP,
670 1686 799 1770 concipe

108 1790 268 1876 spboerom
282 1791 463 1855 interiorem
478 1788 506 1852 P
521 1790 596 1866 EQ
613 1791 639 1854 F
654 1791 797 1856 describi.

111 1897 320 1964 Manifestum
349 1909 406 1975 est,
445 1901 515 1981 (per
545 1879 648 1981 Prop.¹
671 1897 797 1980 LXX.)

108 2005 196 2091 quod
210 2005 371 2090 sphaericae
386 2002 565 2088 superficies
581 2005 796 2082 concentricoe‚

111 2134 155 2176 ex
166 2112 278 2199 quibus
289 2110 482 2196 sphaernrum
494 2110 667 2176 differentia
676 2112 797 2176 AEBF
830 2085 862 2149 Α
928 2122 948 2164 Θ

107 2220 319 2305 componitur,
338 2219 571 2283 attractionibus
586 2219 650 2282 suis
671 2241 728 2303 per
751 2233 797 2283 at·

106 2330 276 2396 tructiones
285 2328 456 2392 contrarias
466 2327 690 2405 destructis,nil
699 2341 797 2416 agunt
884 2308 928 2444 Χ

105 2439 141 2503 in
169 2458 282 2523 corpus
313 2438 351 2504 P.
420 2438 531 2502 Restat
559 2437 626 2501 solu
653 2437 796 2501 attractio
981 2484 983 2489 -

106 2545 240 2630 sphoerae
262 2544 417 2608 interioris
442 2545 469 2609 P
485 2545 513 2609 E
529 2543 561 2620 Q
579 2545 614 2608 F.
660 2544 703 2609 Et
727 2550 797 2629 (per
928 2444 1281 2615 U

107 2655 204 2740 Prop.
232 2653 397 2734 Lxxn.)
427 2653 497 2717 haec
520 2667 568 2718 est
591 2665 625 2717 ut
651 2652 796 2717 numos
1067 2621 1104 2698 D

108 2762 186 2828 ΡΒ.
232 2761 275 2837 Q.
292 2784 319 2825 c.
334 2761 367 2825 d.

671 2994 825 3058 scholium.

153 3173 352 3260 Superficies,
369 3170 535 3257 exquibus
551 3167 903 3251 solidacomponuntur,
920 3165 972 3230 hic
993 3189 1057 3230 non
1082 3180 1155 3233 sunt
1176 3146 1255 3253 pure
1277 3172 1397 3239 muthe-

106 3287 239 3362 msticae,
256 3282 310 3346 sed
326 3282 418 3345 orbes
434 3280 513 3343 adeo
528 3293 645 3355 tenues,
657 3289 810 3340 uteorum
825 3278 996 3341 crassitudo
1011 3279 1108 3342 instar
1122 3280 1212 3343 nihili
1226 3281 1283 3358 sit;
1305 3283 1397 3346 nimi·

104 3418 176 3462 rum
193 3393 286 3458 orbes
302 3403 528 3465 evanescentes,
553 3409 594 3450 cx
610 3386 721 3471 quibus
740 3384 863 3469 sphaera
878 3386 987 3450 ultimi)
1002 3402 1130 3466 constat,
1155 3389 1208 3453 ubi
1224 3391 1345 3455 orbium
1360 3392 1396 3455 il·

103 3512 206 3575 lorum
230 3527 379 3569 numerus
401 3515 533 3589 augetur
555 3513 587 3563 et
611 3499 782 3563 crassitudo
807 3499 957 3563 minuitur
981 3500 1015 3563 in
1036 3501 1203 3566 infinitum.
1249 3502 1397 3567 Similiter

102 3643 161 3706 per
174 3629 301 3703 punctu,
325 3612 493 3698 exquibus
509 3611 608 3687 linoae,
633 3609 811 3693 superficies
834 3621 866 3672 et
880 3609 986 3687 solida,
1011 3613 1155 3696 componi
1170 3613 1325 3689 dicuntur,
1349 3612 1395 3673 in·

103 3727 283 3816 telligendae
297 3737 371 3788 sunt
385 3722 545 3807 particulae
560 3719 694 3806 aequales
709 3718 930 3806 magnitudinis
945 3722 1190 3787 contemnendae.

262 4005 547 4075 Pnonosmro
570 4004 733 4070 Lxxrv.
778 4003 1050 4070 THEOREMA
1074 4007 1241 4072 xxxmo.
1374 3986 1376 3989 ’
1510 4086 1520 4094 ,

99 4186 209 4249 nsdem
219 4184 339 4264 positis,
355 4184 420 4244 dico
435 4182 513 4264 quod
531 4179 727 4260 corpusoclom
748 4187 833 4241 eura
856 4179 1002 4260 splaerom
1021 4183 1205 4244 constitutum
1228 4184 1392 4248 attrahitur

142 4295 174 4355 oi
187 4288 334 4372 reciproce¹
342 4288 567 4372 proportionali
581 4287 728 4368 quadrato
742 4287 895 4348 distantiae
908 4308 968 4349 succ
981 4288 1019 4350 ob
1034 4289 1125 4370 ipsios
1139 4299 1245 4352 centro.

142 4468 229 4531 Nam
243 4463 453 4550 distinguntur
468 4459 590 4545 sphoera
610 4458 643 4520 in
666 4458 843 4544 superficies
867 4459 1033 4544 sphoericas
1056 4463 1233 4528 innumerus
1258 4488 1389 4531 concen-

100 4575 201 4652 tricas,
218 4586 250 4637 et
272 4566 667 4660 attractioneslcorpusculi
690 4589 709 4630 n
731 4567 859 4655 singulis
886 4570 1108 4653 superficiebus
1134 4572 1275 4637 oriundoe
1299 4591 1389 4639 erunt

101 4683 258 4771 reciproci
273 4677 522 4768 proportionales
537 4675 689 4764 quadrato
703 4675 859 4742 distantiae
870 4680 1045 4763 corpusculi
1057 4704 1076 4744 a
1087 4694 1195 4747 centro
1210 4689 1280 4770 (per
1293 4685 1387 4770 Prop.
