3202 5446
179 466 245 534 466
469 462 811 530 PHILOSOPHIAE
835 460 1109 527 NATURALIS
1173 461 1289 542 [Mor.
1302 461 1453 530 Coma.

419 739 703 808 PROPOSITIO
727 740 785 804 vl.
830 740 1104 807 THEOREMA
1128 741 1187 807 IV.

159 921 296 1003 Corpora
310 919 458 1002 spltaerica
472 919 650 1001 homogenea
665 925 694 980 et
707 916 848 1001 aqiealia,
865 917 1043 980 resistentiis
1058 918 1091 980 in
1102 913 1261 1001 duplicati
1272 920 1448 984 rationeoe·

199 1028 351 1089 locitatam
367 1026 522 1107 impedita,
538 1033 568 1087 et
580 1025 651 1087 solis
665 1024 781 1087 uirilsts
802 1026 902 1086 insitis
924 1025 1063 1100 incitata,
1090 1025 1272 1107 temporibus
1294 1047 1365 1109 qua
1383 1035 1446 1091 sea

199 1131 349 1217 reciproce*
363 1144 397 1197 nt
412 1136 582 1197 velocitates
603 1133 655 1196 sub
678 1135 778 1209 initio,
806 1134 975 1197 describant
994 1156 1107 1218 semper
1128 1137 1264 1219 aqualia
1284 1139 1399 1219 spatia,
1417 1145 1444 1200 et

199 1247 342 1309 amittunt
350 1255 458 1327 partes
472 1247 659 1309 uelocitatem
668 1245 914 1326 proportionales
924 1246 1004 1308 totis.
1384 1232 1390 1239 ¹

200 1418 395 1504 Asymptotis
407 1417 595 1504 rectangulis
608 1417 689 1493 CD,
705 1416 780 1480 CH
820 1470 853 1523 H

156 1525 311 1610 descripti
326 1525 498 1612 hyperbolis
514 1524 623 1612 quisvis
641 1524 703 1589 Bb
717 1526 745 1589 E
763 1548 781 1588 e

155 1648 279 1699 secante
310 1633 534 1719 perpendicula
571 1635 602 1697 A
628 1632 666 1710 B,
698 1657 716 1696 a
745 1634 777 1710 b,

156 1743 192 1808 D
204 1743 243 1820 Β,
261 1743 321 1821 de,
333 1744 366 1806 iu
379 1743 418 1821 B,
428 1743 460 1820 b,
475 1741 514 1819 E,
528 1764 554 1819 e,
572 1743 609 1826 (¹)
622 1763 782 1826 exponan-

156 1865 208 1916 tur
223 1853 401 1917 velocitates
418 1851 550 1916 initiales
575 1874 634 1936 per
647 1874 781 1937 perpen-

155 1961 260 2026 dicula
287 1964 317 2026 A
334 1962 372 2039 B,
390 1962 423 2026 D
440 1961 479 2037 E,
510 1972 542 2023 et
560 1971 703 2045 tempora
723 1982 781 2045 per

154 2070 253 2133 lineas
277 2071 308 2134 A
323 2094 351 2147 a,
372 2070 405 2134 D
421 2068 452 2132 d.
498 2069 557 2132 Est
572 2082 697 2155 ergosut
713 2069 778 2132 Aa

154 2179 197 2243 ad
222 2178 294 2244 Dd
316 2180 357 2242 ita
386 2183 456 2262 (per
470 2176 670 2263 hypothesin)
698 2176 778 2241 DE

155 2286 196 2351 ad
212 2287 243 2351 A
261 2287 299 2364 Β,
317 2299 348 2350 et
364 2286 407 2349 ita
422 2286 457 2370 (ἲ)
469 2290 523 2369 (ex
538 2284 649 2348 natura
664 2284 779 2371 hyper·

153 2396 248 2475 boloe)
263 2397 291 2458 C
304 2396 335 2458 A
350 2394 390 2457 ad
402 2394 429 2458 C
440 2394 473 2458 D
478 2415 487 2468 ;
503 2405 536 2456 et
549 2393 776 2478 componendo,

152 2507 197 2569 ita
228 2503 256 2567 C
282 2526 301 2566 a
327 2503 368 2565 ad
393 2502 420 2567 C
445 2502 476 2566 d.
521 2502 561 2586 (¹¹)
586 2502 674 2590 Ergo
695 2526 777 2566 areae

153 2616 185 2679 A
202 2615 230 2678 B
245 2616 266 2678 b
282 2640 310 2693 a,
328 2618 361 2682 D
378 2617 407 2682 E
422 2641 440 2680 e
455 2617 486 2694 d,
507 2617 568 2680 hoc
584 2629 641 2692 est,
658 2618 757 2700 spatia
771 2619 928 2703 descripta
942 2632 1105 2706 aequantur
1120 2620 1202 2684 inter
1217 2643 1261 2698 se,
1285 2635 1315 2685 et
1329 2620 1421 2685 veloci

152 2736 231 2788 tates
240 2725 351 2809 primae
367 2727 398 2791 A
417 2727 455 2805 B,
473 2727 506 2791 D
523 2725 552 2790 Ε
567 2738 641 2789 sunt
655 2727 770 2790 ultimis
785 2729 843 2805 ab,
861 2728 921 2806 de,
938 2742 970 2793 et
983 2743 1150 2814 propterea
1163 2731 1332 2796 dividendo
1344 2729 1420 2816 patti-

151 2834 210 2897 bus
226 2835 318 2899 etiam
334 2838 398 2900 suis
413 2835 533 2900 amissis
551 2835 675 2899 AB-
690 2861 709 2901 a
724 2837 754 2914 b,
772 2837 806 2902 D
823 2838 851 2901 E
866 2877 909 2887 -
924 2839 946 2902 d
961 2862 978 2903 e
1000 2842 1261 2926 proportionales.
1306 2842 1346 2918 Q.
1358 2837 1415 2904 al

405 3119 687 3186 PROPOSITIO
711 3120 787 3185 VII.
834 3122 1107 3189 THEOREMA
1131 3126 1170 3189 V.

153 3318 289 3400 Corpora
303 3321 451 3401 spherica
468 3321 573 3404 quibas
586 3322 738 3385 resistitur
752 3323 784 3383 in
800 3322 955 3404 duplicati
969 3325 1091 3386 ratione
1105 3326 1303 3403 velocitatem,
1328 3335 1410 3402 leupo

191 3429 282 3504 riores,
299 3451 365 3511 qua
379 3439 446 3492 sunt
460 3440 493 3492 ut
508 3438 601 3492 motos
609 3429 708 3511 primi
722 3425 833 3491 directi
847 3439 876 3491 et
890 3432 1068 3493 resistentia
1076 3433 1188 3511 prima
1203 3428 1326 3508 inversi,
1346 3424 1409 3490 ascl·

192 3545 256 3599 tent
276 3546 382 3618 partes
407 3547 533 3599 motuum
556 3538 801 3618 proportionales
815 3538 895 3613 totis,
921 3548 950 3601 et
964 3541 1066 3619 spatia
1081 3539 1248 3604 describent
1262 3531 1408 3623 temporie

192 3645 259 3707 istis
273 3653 301 3706 et
316 3644 520 3707 uelocitatibns
530 3645 641 3725 primis
655 3642 832 3725 conjunctim
843 3647 1100 3726 proportionalia.

193 3814 233 3897 (¹)
258 3811 402 3897 Namque
417 3824 560 3874 motuum
575 3823 680 3895 partes
696 3810 816 3873 amissae
832 3823 904 3873 sunt
918 3823 952 3874 ut
968 3811 1150 3874 resistentiae
1165 3824 1196 3875 et
1208 3824 1348 3897 tempora
1359 3820 1410 3871 ew·

144 3926 288 4013 junctim.
334 3922 434 4009 Igitur
450 3936 484 3984 ut
498 3934 601 4006 partes
617 3920 680 3983 illae
695 3921 759 3983 sint
774 3921 845 3983 totis
861 3920 1119 4004 proportionales,
1144 3920 1272 3985 debebit
1296 3918 1411 3986 resistes

149 4035 192 4098 tia
206 4047 237 4098 et
251 4046 373 4115 tempus
388 4029 578 4114 conjunctim
596 4051 663 4092 esse
683 4040 718 4091 ut
732 4041 845 4091 motus.
892 4027 1029 4091 Proinde
1053 4041 1176 4112 tempus
1203 4031 1264 4094 erit
1279 4044 1313 4093 ut
1335 4035 1412 4093 mot1¹⁵

183 4250 216 4311 (')
241 4254 253 4279 ¹
282 4253 437 4312 Eeporcantur
458 4249 582 4295 velocitates
606 4248 712 4302 initiales,
734 4249 777 4294 &c-
810 4245 836 4292 in
847 4245 893 4292 fine
904 4246 998 4294 illorum
1010 4256 1142 4306 temporum
1153 4233 1415 4307 residuoepesliaffll·

152 4314 215 4361 Cium
235 4314 297 4360 enim
316 4328 411 4374 corpora
428 4312 476 4359 duo
493 4310 578 4358 similia
595 4311 741 4373 homogenee
756 4319 780 4357 et
810 4310 858 4366 de,
876 4321 899 4358 et
910 4312 982 4370 spatia
992 4312 1028 4356 his
1039 4311 1182 4371 temporibus
1196 4310 1312 4374 descripte
1326 4306 1417 4374 pust·

150 4378 248 4439 aqualia
258 4387 427 4438 supponentur,
446 4391 528 4423 eorum
544 4385 622 4422 motus
638 4375 777 4422 considerari
808 4374 967 4435 hyperbolicas
980 4378 1001 4422 A
1013 4376 1035 4421 Β
1046 4376 1062 4421 b
1072 4391 1094 4431 a,
1109 4376 1134 4423 D
1147 4373 1169 4421 Β
1181 4374 1229 4422 ed.

150 4453 248 4503 possunt
265 4453 376 4504 tanquam
393 4451 471 4488 motus
482 4439 553 4486 unius
563 4436 714 4502 ejusdemque
725 4455 776 4487 cor·
842 4440 874 4500 (ἶ)
892 4443 906 4469 ⁶
925 4443 963 4488 Er
972 4437 1059 4488 notarri
1070 4441 1201 4502 hyperbola-
1220 4440 1284 4504 (Per
1295 4422 1417 4488 Mali·

149 4506 212 4568 poris
223 4505 291 4552 variis
301 4505 423 4554 celeritatis
434 4504 544 4567 gradibus
555 4504 598 4550 acti
617 4508 655 4567 (ut
666 4504 691 4549 in
705 4504 775 4562 Prop.
810 4502 840 4550 de
854 4502 973 4564 Hyperis.)

151 4569 196 4628 v.)
217 4569 317 4632 saeuo
336 4573 389 4635 (per
406 4569 484 4617 comt
508 4574 526 4615 t.
543 4569 613 4628 emp.
631 4568 674 4628 v.)
694 4568 779 4613 vuoo.
843 4568 878 4629 (⁰)
892 4573 904 4597 ·
918 4568 1207 4630 arguareaeuusnu
1219 4556 1414 4632 nemost)

149 4645 209 4682 tetes
225 4633 326 4681 initiales
345 4634 430 4694 exponi
447 4643 544 4694 possunt
561 4649 602 4694 per
618 4632 692 4678 lineas
710 4635 731 4680 A
748 4631 777 4687 Β,
812 4631 847 4692 Ι.)

151 4700 177 4748 l)
190 4699 221 4755 E„
232 4709 337 4758 tempora
352 4714 394 4760 per
409 4698 481 4746 lineas
493 4700 516 4746 A
529 4714 551 4756 ι,
570 4696 629 4752 nd.
646 4696 778 4746 velocitates
843 4695 880 4760 (¹)
889 4700 902 4726 ⁰
913 4699 1023 4760 Namque
1034 4706 1222 4760 metuumpartes
1228 4701 1326 4754 muse.
1335 4677 1421 4756 &alssl
