3188 5444
165 453 206 506 40
484 439 821 507 PHILOSOPHIAE
845 438 1115 506 NATURALIS
1200 438 1349 516 [Axrors.
1371 454 1446 502 srrs

164 615 291 680 debebit
305 615 500 680 solummodo
513 615 640 678 reflexio
655 615 752 677 minui
766 614 799 676 in
813 612 895 676 cerui
921 613 1121 697 proportione
1135 632 1194 696 pro
1208 609 1378 696 quantitate
1399 607 1446 671 ris

165 724 305 787 elasticae.
350 723 389 788 In
403 722 522 786 theorii
539 721 676 786 Wrenni
700 732 732 784 et
748 720 889 807 Hugenii
903 740 1032 803 corpora
1056 716 1194 782 absoluti
1209 717 1290 780 dura
1311 713 1445 794 redeunt

163 830 347 893 abinvicem
362 851 434 893 cum
447 829 607 893 velocitate
621 827 810 914 congressis.
834 827 875 912 (ω)
899 824 1021 890 Certiirs
1043 825 1075 888 id
1095 825 1297 889 affirmabitur
1316 823 1357 887 de
1371 845 1444 908 per·

161 935 240 1000 fecte
255 937 393 1001 clasticis.
417 933 449 1022 (ω)
473 936 512 1001 In
526 934 702 1020 imperfecte
718 934 846 998 elasticis
860 935 1003 998 velocitas
1018 931 1134 996 reditis
1147 931 1317 996 minuenda
1331 943 1378 995 est
1402 927 1443 995 si·

161 1043 227 1106 mul
242 1066 313 1106 cum
327 1045 358 1105 vi
371 1042 507 1119 elasticai3
529 1056 694 1126 propterea
707 1040 792 1127 quod
806 1042 850 1103 vis
864 1041 926 1118 illa,
944 1041 1015 1126 (nisi
1029 1040 1083 1103 ubi
1096 1051 1200 1124 partes
1214 1059 1383 1123 corponrm
1400 1056 1444 1101 ex

161 1170 327 1236 congressu
336 1150 500 1227 laeduntur,
517 1149 565 1212 vel
576 1149 785 1212 extensionem
794 1149 957 1233 aliqualem
968 1148 1055 1233 quasi
1069 1147 1126 1210 sub
1134 1147 1247 1210 malleo
1256 1144 1442 1231 pastinatum)

161 1268 244 1318 certa
258 1278 295 1349 ac
309 1257 513 1320 determinata
526 1257 565 1319 sit
580 1262 742 1341 (quantum
756 1256 866 1335 sentio)
888 1255 1039 1340 faciatque
1053 1267 1088 1317 ut
1102 1276 1235 1338 corpora
1258 1253 1389 1318 redeunt
1401 1250 1441 1316 ab

158 1361 289 1425 invicem
303 1385 375 1426 eum
389 1363 549 1426 velocitate
564 1362 699 1440 relativi,
715 1385 785 1448 quae
800 1363 839 1424 sit
852 1360 893 1424 ad
914 1362 1072 1424 relativam
1091 1361 1284 1424 velocitatem
1309 1381 1442 1424 concur·

158 1490 208 1531 sus
222 1469 255 1531 in
269 1469 341 1532 dati
355 1470 483 1532 ratione.
518 1469 557 1534 Id
571 1470 604 1532 in
619 1470 689 1554 pilis
704 1492 743 1532 ex
757 1468 828 1532 lani
843 1467 926 1532 arcti
941 1467 1172 1556 conglomerati
1192 1480 1223 1531 et
1236 1466 1356 1530 fortiter
1365 1488 1442 1530 con·

157 1575 261 1639 stricti
277 1577 321 1639 sic
335 1576 460 1639 tentavi.
506 1575 648 1639 Primum
662 1575 854 1639 demittendo
868 1574 1006 1659 pendula
1020 1587 1051 1638 et
1071 1572 1281 1637 mensurando
1296 1573 1440 1637 reflexio·

157 1704 239 1759 nem,
264 1683 369 1746 inveni
388 1683 592 1768 quantitatem
605 1683 651 1745 vis
667 1682 815 1757 elasticae3
839 1681 951 1746 deinde
973 1680 1131 1765 perhanc
1155 1681 1218 1743 vim
1237 1678 1441 1744 determinavi

155 1789 337 1852 reflexiones
352 1790 385 1852 in
399 1790 467 1852 aliis
482 1789 602 1853 casibus
614 1810 830 1865 concursuum,
841 1801 873 1851 et
881 1787 1111 1872 respondebant
1119 1787 1341 1870 experimenta.
1373 1785 1438 1850 Re·

154 1895 262 1959 dibant
275 1918 396 1980 semper
409 1896 483 1981 piloe
499 1897 540 1960 ab
554 1897 687 1960 invicem
701 1918 772 1959 cum
786 1895 948 1958 velocitate
963 1893 1099 1970 relativi,
1116 1916 1187 1979 quae
1201 1904 1279 1956 esset
1293 1891 1335 1956 ad
1353 1890 1440 1956 velo·

153 2004 277 2066 citatem
291 2004 450 2067 relativam
460 2025 629 2067 concursus
639 2017 674 2066 ut
686 2012 705 2067 5
721 2001 761 2064 ad
778 2012 798 2066 9
813 2000 943 2064 circiter.
978 1999 1097 2064 Eidem
1112 1998 1176 2062 fere
1190 2021 1262 2062 cum
1276 1999 1439 2078 velocitate

152 2109 295 2172 redibant
304 2109 377 2192 pilae
386 2131 426 2172 ex
435 2108 578 2193 chalybe:
589 2108 657 2170 aliae
667 2130 707 2170 ex
717 2107 827 2170 subere
839 2127 910 2169 curn
920 2105 1014 2190 paulo
1024 2107 1157 2169 minore:
1174 2106 1206 2168 in
1218 2105 1323 2168 vitreis
1334 2119 1439 2170 autem

152 2215 312 2299 proportio
324 2228 390 2277 erat
403 2223 441 2279 15
452 2214 544 2288 adl6
556 2214 687 2277 circiter.
704 2215 809 2298 Atque
816 2212 877 2275 hoe
885 2225 977 2295 pacto
988 2212 1040 2275 lex
1048 2213 1139 2275 tertia
1149 2211 1252 2298 quoad
1261 2212 1339 2275 ictus
1350 2225 1438 2277 etre-

151 2320 301 2383 flexiones
311 2341 368 2403 per
378 2319 530 2383 theoriam
539 2319 739 2403 comprobata
749 2330 803 2395 est,
817 2341 888 2403 quae
899 2340 970 2380 cum
979 2317 1169 2401 experientia
1180 2317 1273 2402 plane
1282 2318 1438 2405 congruit.

195 2429 235 2492 In
249 2427 481 2490 attractionibus
495 2449 562 2491 rem
576 2428 619 2490 sic
630 2426 764 2490 breviter
773 2426 913 2490 ostendo.
959 2425 1151 2508 Corporibus
1170 2424 1292 2487 duobus
1307 2424 1436 2510 quibus·

151 2533 197 2596 vis
213 2534 253 2610 A,
271 2532 310 2610 Β,
333 2555 367 2595 se
380 2532 489 2596 mutui>
511 2532 713 2609 trahentibus,
740 2533 869 2616 concipe
895 2530 1087 2594 obstaculum
1114 2530 1244 2616 quodvis
1266 2530 1436 2622 interponi,

152 2661 214 2724 quo
228 2661 411 2726 congressus
432 2661 540 2703 eorum
555 2639 749 2724 impediatur.
796 2639 830 2704 Si
845 2659 956 2725 eorpus
972 2637 1154 2701 alterutrum
1170 2638 1199 2699 A
1217 2636 1316 2728 magis
1338 2641 1437 2707 trahi-

151 2760 203 2809 tur
217 2768 322 2809 versus
336 2768 448 2830 corpus
463 2747 594 2810 alterum
607 2748 645 2824 B,
660 2769 753 2832 quam
764 2747 841 2810 illud
850 2748 981 2815 alterum
994 2750 1022 2812 B
1038 2750 1070 2811 in
1084 2750 1170 2833 prius
1185 2749 1225 2826 A,
1238 2748 1436 2814 obstaculum

151 2852 249 2939 magis
264 2853 423 2939 urgebitur
436 2854 595 2937 pressione
609 2854 747 2937 corporis
762 2855 792 2916 A
807 2876 900 2939 quam
915 2855 1074 2938 pressione
1097 2856 1235 2939 corporis
1262 2854 1310 2943 B;¹
1327 2857 1437 2939 proin·

151 2957 251 3045 deque
265 2982 328 3022 non
343 2960 480 3024 manebit
493 2961 526 3023 in
541 2960 724 3046 aequilibrio.
769 2960 955 3025 Praevalebit
967 2963 1088 3045 pressio
1102 2961 1221 3039 fortior,
1237 2961 1392 3048 facietque
1402 2979 1437 3030 ut

151 3078 282 3150 systema
295 3087 461 3149 corporum
485 3066 618 3129 duorum
633 3080 665 3131 et
690 3066 840 3131 obstaculi
860 3080 1020 3131 moveatur
1036 3069 1069 3130 in
1094 3067 1247 3131 directum
1269 3068 1303 3132 in
1327 3086 1433 3154 partes

150 3194 255 3235 versus
271 3172 309 3248 B,
325 3184 472 3257 motuque
486 3173 520 3234 in
534 3173 640 3257 spatiis
655 3173 759 3236 liberis
773 3196 894 3258 semper
909 3174 1079 3238 accelerato
1094 3175 1185 3238 abeat
1207 3176 1240 3237 in
1263 3176 1433 3242 inlinitum.

152 3277 249 3354 Quod
263 3278 499 3341 est.absurdum
513 3292 545 3343 et
558 3278 620 3365 legi
633 3281 743 3363 primae
758 3281 956 3344 contrarium.
1002 3281 1085 3344 Nam
1099 3303 1156 3365 per
1179 3281 1281 3369 legem
1295 3283 1434 3366 primam

150 3383 275 3448 debebit
288 3402 421 3470 systema
433 3387 675 3469 perseverarem
690 3399 770 3450 statu
785 3410 841 3450 suo
856 3388 1032 3473 quiescendi
1045 3389 1095 3451 vel
1110 3388 1255 3451 movendi
1269 3388 1432 3454 uniformi-

151 3556 297 3605 solummodd
315 3557 408 3605 retlerio
418 3558 494 3605 minui
508 3558 533 3605 in
544 3558 769 3620 castiproportione,
802 3558 913 3606 librarum
924 3560 1052 3608 extendoni
1072 3560 1181 3614 adhisita.
1200 3561 1224 3608 vi
1236 3560 1372 3610 restitutiva
1390 3562 1431 3611 de·

150 3637 194 3683 pro
203 3621 331 3684 quantitate
341 3622 376 3668 sis
384 3622 483 3669 elssticoe
495 3623 557 3686 (52).
802 3624 907 3671 trahitur.
944 3625 992 3671 His
1002 3625 1078 3672 causis
1088 3624 1143 3671 addi
1154 3635 1230 3686 potest
1239 3625 1367 3673 intestinus
1376 3643 1428 3688 par·

182 3687 219 3750 (θ)
237 3692 275 3734 97.
291 3685 383 3733 Certids
393 3685 417 3732 id
428 3686 579 3734 affirmabitur
589 3686 619 3734 de
629 3686 730 3747 perfecte
748 3704 772 3733 e·
803 3688 864 3734 tium
874 3689 976 3748 eorporis
992 3688 1093 3748 percussi
1108 3700 1187 3735 motus
1197 3703 1255 3735 sono
1265 3688 1317 3748 ipso
1325 3691 1382 3737 satis
1392 3695 1428 3738 in·

150 3748 247 3808 lssticis;
263 3749 608 3811 corpersenimperfectddurs,
620 3766 769 3812 seuquorum
800 3751 897 3805 dicatus.
920 3753 960 3815 qui
982 3753 1007 3798 in
1029 3752 1178 3799 reflexionem
1200 3766 1248 3798 uon
1276 3752 1428 3813 impenditur.

150 3825 226 3872 panes
237 3813 336 3861 nullisi
346 3813 411 3860 finiti
423 3815 522 3874 separari
536 3824 577 3861 sut
587 3813 647 3861 flecti
664 3826 767 3874 possunt,
802 3816 864 3861 Haec
882 3815 978 3862 materis
989 3817 1057 3862 variis
1076 3817 1164 3863 Rizseti
1182 3816 1347 3876 experimentis
1361 3819 1428 3865 iilus-

150 3877 216 3925 uuili
224 3877 488 3940 quoquevirestitutivi
503 3888 544 3924 sut
557 3878 768 3939 repulsivipollere
800 3888 873 3925 tratur
889 3879 914 3924 in
937 3880 1116 3927 Commentariis
1138 3879 1242 3927 instituti
1261 3881 1424 3929 Bonomussis.

149 3940 272 3999 videntum
296 3940 399 4004 sdedque
418 3957 473 3988 eum
492 3942 550 3988 nihil
571 3943 620 3988 sine
636 3942 705 3989 causi
723 3942 769 3994 liat,
803 3942 1426 4005 Triagtobutommviaeorumpsrisutipmvttms.

150 4018 273 4064 corporum
280 4005 380 4066 perfecti
388 4006 499 4052 durorum
507 4007 695 4052 concurrentium
706 4007 771 4052 nulla
802 4017 880 4064 zetus3
891 4005 981 4068 globuli
997 4007 1066 4066 primi
1080 4009 1141 4068 paris
1159 4007 1299 4055 diametrum
1309 4010 1426 4057 usheim

150 4066 484 4130 videturessepossereflerio.
801 4070 872 4116 trium
888 4071 1018 4126 unciarum,
1037 4072 1133 4118 usundi
1143 4071 1252 4125 duarum,
1267 4072 1329 4118 tertii
1345 4074 1423 4127 unius.

183 4130 215 4195 (s)
232 4141 270 4183 98.
291 4135 322 4182 ln
329 4133 462 4193 imperfecte
470 4132 574 4187 eleaticis,
586 4132 695 4180 velocitas
709 4133 770 4180 redi-
801 4133 834 4180 iti
844 4144 872 4179 ut
879 4145 954 4180 essent
960 4133 1102 4181 diversorum
1110 4135 1202 4196 parium
1210 4135 1317 4182 diametri
1323 4136 1425 4193 incuss,

149 4193 187 4241 tis
197 4196 325 4245 minuenda
334 4206 370 4244 est
379 4212 435 4244 cum
442 4197 465 4243 vi
472 4197 572 4253 elastici,
581 4195 771 4258 proptereiquod
801 4206 829 4244 ut
837 4203 859 4243 ³.
873 4203 896 4244 2.
913 4203 932 4243 l.
970 4197 1035 4245 Fecit
1047 4211 1074 4246 ut
1083 4199 1173 4261 globuli
1181 4200 1250 4259 primi
1260 4199 1322 4260 puris
1333 4200 1374 4247 filo
1384 4216 1425 4262 sp·

150 4258 240 4313 visilis,
253 4261 456 4322 licetimperiecta,
468 4270 652 4308 cerummense
663 4259 770 4307 desermt.
801 4261 867 4321 pensi
883 4261 1166 4323 simuleongrederentur,
1189 4264 1324 4326 notavitqus
1339 4264 1425 4312 reloci-

150 4334 204 4370 usta
214 4335 255 4377 est,
264 4325 289 4370 in
298 4325 525 4385 iisdemeorporibus,
535 4325 579 4370 nisi
591 4325 630 4371 ubi
638 4335 770 4398 partescor-
801 4334 873 4372 tatem
904 4326 1053 4399 respectiram
1076 4343 1147 4389 quam
1171 4328 1302 4374 babuerunt
1323 4327 1361 4375 vel
1382 4345 1424 4376 sn·

148 4388 771 4513 ffitfflsiilttutitttttt
799 4388 1424 4516 iuliffiliilslffiiiiiail'iffi

148 4514 323 4640 ξωξξᾝωξ
332 4515 528 4626 ‘ultius
539 4516 587 4562 ω
598 4514 768 4633 &tim
800 4516 1063 4629 ξξωξιέξξξξξω·
1086 4519 1185 4628 ·.}¹¹.}.⁰.·
1206 4518 1423 4631 ξξξξωξωξξξξωῖἷω

148 4641 294 4705 ιάοόφιενίι
301 4595 403 4703 ωρτὲοτίε
412 4612 678 4699 restilutivaminuitur3
689 4642 707 4689 si
717 4641 770 4689 'verd
801 4643 847 4690 suit
855 4654 906 4703 post
916 4645 988 4692 ictum
1002 4592 1093 4703 loieid¹
1098 4651 1132 4691 2⁰.
1143 4645 1193 4704 pari
1203 4660 1259 4692 cum
1269 4647 1352 4694 luisset
1368 4617 1423 4695 suti

148 4704 212 4753 iibrsr
223 4706 382 4761 extendantur.
393 4707 485 4753 ursani
496 4706 583 4754 lamias
595 4707 697 4768 repetitis
707 4706 766 4752 msi-
798 4707 870 4753 ictum
884 4714 919 4761 16,
931 4709 1039 4770 luitpost
1050 4710 1121 4756 ictum
1135 4715 1180 4766 15;
1205 4708 1230 4755 in
1246 4716 1283 4758 3⁰.
1296 4711 1347 4771 pari
1366 4726 1422 4758 mm

148 4767 178 4815 lei
188 4771 306 4819 icu'bnsin
316 4770 414 4834 longum
424 4770 549 4827 diducitur,
566 4786 619 4831 pers
636 4769 696 4818 ictis
712 4770 766 4818 huic
798 4770 878 4818 luisset
894 4773 947 4820 suti
958 4775 1031 4821 ictum
1041 4779 1080 4828 31,
1092 4772 1199 4834 luitpost
1209 4773 1333 4823 ictumw.
1349 4774 1421 4823 Usus
