3202 5446
161 404 275 468 Leone
301 403 456 482 Morum]
511 399 754 466 PRINCIPIA
779 399 1150 470 MATHEMATICA.
1409 418 1450 476 8⁵

158 592 188 644 et
200 591 344 665 tempore
359 590 427 642 toto
442 576 505 641 vim
520 588 618 640 totam
631 574 793 659 imprimit,
809 587 841 638 et
854 574 1049 641 velocitatem
1064 590 1161 643 totam
1175 591 1305 667 generat
1317 585 1453 666 tempori

156 685 432 772 proportionalem.
478 683 521 748 Et
535 683 634 768 spatia
648 681 841 766 temporibus
854 684 1138 767 proportionalibus
1151 686 1315 772 descripta,
1332 705 1405 753 sunt
1415 704 1451 754 ut
1532 687 1535 690 ’

156 793 334 859 velocitates
349 805 381 857 et
394 805 538 876 tempora
552 789 760 875 conjunctim
794 789 827 853 id
842 792 935 854 estin
951 791 1108 874 duplicata
1121 795 1241 859 ratione
1263 810 1449 881 temporum

156 901 196 970 Et
210 924 347 988 corpore
362 918 486 965 sursum
499 900 639 984 projecto
654 898 789 985 gravitas
800 898 961 963 unil'ormis
978 901 1057 964 vires
1072 902 1223 986 imprimit
1231 915 1262 966 et
1272 903 1450 970 velocitates

154 1095 260 1148 m
272 1085 298 1133 Κ
313 1085 347 1143 1,;
365 1081 421 1147 ergo
437 1082 541 1134 celeritas
558 1098 599 1130 reu
616 1081 651 1128 via
661 1081 685 1128 in
696 1091 785 1143 puncto
815 1082 929 1146 equdem
945 1099 994 1131 esse
1004 1084 1120 1134 velocitati
1136 1087 1202 1148 lapan
1213 1091 1399 1151 perpendiculari
1409 1111 1448 1144 ao-

157 1152 272 1202 Camiaaa
279 1164 330 1196 non
340 1158 436 1210 eruperat
446 1149 600 1211 quantitatem
611 1146 785 1193 intiniteeimam
816 1148 908 1210 quisita
923 1148 948 1194 in
959 1150 1051 1208 punctis
1062 1152 1326 1212 correspondentibuab,
1343 1172 1364 1212 c,
1382 1158 1405 1208 d.

155 1214 253 1264 retundi
270 1213 368 1261 ordinia
412 1214 493 1267 Quare
509 1210 565 1259 edm
586 1210 695 1258 velocium
716 1226 787 1272 quam
851 1217 889 1260 86·
905 1213 928 1260 Si
940 1228 1010 1275 grave
1020 1213 1061 1260 de-

154 1295 238 1340 m„
258 1293 302 1339 per
323 1276 418 1340 singula
436 1291 514 1322 curre
534 1274 607 1322 latera
626 1277 648 1322 A
666 1276 696 1329 Β,
715 1275 737 1322 Β
757 1276 784 1330 C,
818 1275 1061 1336 acendatpercurvam
1073 1279 1089 1323 ’,

157 1345 220 1398 cl),
238 1341 336 1397 amittit,
352 1356 402 1388 non
413 1340 510 1388 excedat
519 1340 674 1403 quantitatem
684 1339 784 1386 infinite·
813 1340 941 1400 quamlibet
958 1345 981 1393 A
996 1348 1018 1395 Β
1034 1349 1055 1398 (i
1260 1351 1285 1412 F

154 1404 589 1466 immmodiordinis,pmlomm
600 1419 677 1451 curva
688 1419 786 1450 nomem
815 1403 848 1461 D,
881 1406 957 1455 ductis
988 1412 1056 1461 linei,

155 1467 786 1531 induitahoemperarcumeurvoefinitum,non
816 1470 879 1525 Aa,
904 1471 966 1528 Bb,
995 1478 1101 1544 cqc
1396 1507 1414 1551 c

154 1546 226 1598 pateat
244 1534 391 1583 celeritatem
402 1534 509 1581 amittere
526 1533 639 1597 majorem
657 1532 787 1595 quantitate
811 1531 925 1582 horizonti
931 1532 1053 1598 parallelia,

155 1599 304 1648 memte-iaia
314 1600 386 1660 primi
397 1597 550 1660 ordinisque
561 1607 596 1644 eet
606 1612 698 1644 summa
709 1611 783 1658 quan·
812 1606 836 1642 et
851 1612 879 1644 ex
897 1612 984 1658 puncto
995 1620 1053 1652 cur.

155 1665 247 1713 dutum
267 1663 476 1710 infiniteaimanrm
502 1661 600 1708 secundi
626 1660 729 1717 ordinia;
756 1659 784 1706 ei
810 1672 846 1704 ve
857 1661 938 1710 intimo
948 1665 981 1721 D,
992 1677 1055 1716 rocta

155 1728 224 1791 'giem
241 1727 374 1791 quadrare
389 1725 503 1788 neglecti
521 1741 605 1786 corpur
615 1724 697 1772 eodem
707 1723 779 1771 modo
813 1723 1056 1781 DEmihmimnrem
1246 1688 1279 1755 D

157 1802 244 1840 motum
255 1806 329 1839 mum
338 1792 363 1839 in
375 1791 446 1839 mrrvd
462 1790 583 1837 condonat
593 1804 620 1836 ae
631 1789 650 1835 ai
661 1787 720 1835 nihil
730 1787 785 1834 riri·
817 1789 923 1838 normali.
939 1800 1003 1850 patet
1020 1790 1073 1854 (85)
1091 1790 1168 1855 gravia
1183 1807 1224 1851 per
1234 1807 1315 1840 areum
1328 1797 1351 1843 A
1364 1798 1397 1853 D,
1409 1799 1446 1846 vel

158 1872 196 1903 um
205 1856 329 1905 mmm
362 1856 394 1912 Q,
407 1872 427 1903 ρ,
439 1856 463 1903 d,
663 1867 665 1871 ·
817 1869 831 1899 a
850 1854 883 1908 D,
900 1853 1062 1902 descendentia
1077 1854 1177 1902 eandem
1194 1871 1244 1902 ease
1259 1859 1405 1908 velocitatem
1420 1864 1447 1911 in

815 1917 909 1977 punctis
920 1919 986 1981 mque
1003 1918 1056 1966 altis
1069 1919 1090 1966 Β
1103 1930 1126 1966 et
1137 1921 1159 1974 b,
1179 1920 1199 1967 C
1211 1929 1234 1966 et
1244 1937 1264 1968 c.
1299 1925 1380 1980 Quare
1390 1941 1445 1972 cum

818 1997 846 2028 ea
861 1983 891 2036 A,
903 1983 1048 2042 pervenitad
1066 1993 1182 2044 punctum
1192 1985 1303 2033 intimum
1316 1988 1348 2043 D,
1360 2005 1389 2036 ea
1401 1989 1446 2037 im.

782 2056 874 2108 (ppetu
893 2061 935 2107 per
953 2047 1045 2108 lapsum
1063 2047 1176 2111 acquisito
1193 2050 1297 2097 ascendit
1311 2067 1354 2113 per
1364 2069 1446 2102 areum

818 2112 842 2159 D
854 2127 875 2166 a,
892 2110 922 2158 ad
933 2122 1049 2171 punctum
1060 2129 1081 2168 a,
1098 2110 1164 2174 arque
1180 2112 1260 2169 altum,
1278 2115 1303 2161 in
1313 2133 1361 2179 quo
1369 2120 1446 2165 omnia

816 2174 926 2222 velocitas
936 2175 1089 2237 extinguitur,
1113 2187 1137 2224 et
1157 2177 1182 2223 in
1199 2179 1292 2238 punctis
1310 2196 1446 2243 correspon-

816 2238 1028 2298 dentibuaBetb,
1048 2242 1132 2295 Ceto,
1146 2239 1446 2297 candetntaminaacenau

817 2319 888 2366 quam
906 2304 932 2349 in
951 2303 1063 2352 descensu
1081 2306 1151 2352 habet
1169 2306 1315 2356 velocitatem
1337 2311 1400 2376 (96).
1420 2314 1446 2361 Si

784 2333 872 2416 luem
890 2383 958 2415 meua
975 2369 1032 2422 Da,
1049 2370 1195 2424 arcuiDA,
1212 2371 1296 2420 similia
1311 2384 1334 2421 et
1349 2376 1446 2437 equatio

818 2432 895 2488 suerit,
907 2432 1068 2495 singuliarcus
1078 2432 1145 2498 aqud
1154 2434 1196 2481 alti
1209 2435 1229 2482 C
1243 2437 1267 2484 D
1278 2447 1303 2485 et
1315 2439 1339 2486 D
1350 2455 1370 2495 c,
1386 2442 1444 2489 BD

819 2505 843 2543 et
855 2497 913 2549 Db,
931 2499 955 2545 A
969 2497 994 2546 D
1006 2508 1029 2546 et
1041 2499 1066 2548 D
1077 2515 1098 2555 a,
1111 2499 1240 2562 equalibus
1250 2505 1446 2567 rcapectirdtem·

819 2560 914 2624 poribm
924 2573 1091 2624 percurruntur
1102 2565 1163 2631 (eo).

182 3166 220 3208 84,
235 3161 261 3209 Si
334 3177 349 3208 e
365 3177 394 3209 ea
410 3161 525 3225 quietein
537 3164 568 3217 A,
585 3181 628 3230 per
640 3165 712 3228 plana
722 3179 778 3211 con-

157 3223 258 3288 uma
326 3226 396 3282 BC,
422 3227 442 3274 C
464 3227 779 3286 D,deacendat,ettleaua

157 3302 192 3339 nt
209 3289 290 3352 angoti
304 3290 334 3344 Β,
355 3291 382 3346 C,
394 3290 470 3338 metiri
481 3306 529 3339 non
542 3292 650 3348 officiant,
670 3292 778 3340 velocitas

156 3353 667 3481 wittimirum
682 3356 778 3469 ὣ

156 3481 244 3543 ‘upari
266 3485 298 3530 ab
318 3483 438 3530 horizonte
459 3483 568 3532 diamntiia
670 3489 777 3536 Dm.-

157 3544 776 3605 maenomenoccffltaortzomi

155 3611 264 3670 parallelis
274 3621 299 3658 et
310 3611 482 3671 perpendiculo,
501 3629 515 3660 a
525 3613 548 3667 d,
566 3615 671 3670 demisso,
689 3614 777 3676 produ-

155 3687 231 3723 cantur
252 3675 318 3730 ΟΒ,
338 3677 363 3724 D
377 3675 702 3729 Odonecoccurrantreetae
719 3681 774 3734 Aa,

155 3737 207 3788 aa
223 3749 248 3788 et
261 3740 295 3797 1³;
311 3738 420 3786 velocius
436 3740 502 3802 lapsu
519 3757 561 3802 per
581 3744 604 3790 A
618 3744 647 3798 Β,
664 3743 777 3807 acquisita

156 3804 244 3867 qualia
254 3814 291 3851 eat
302 3803 417 3851 velocitati
428 3819 480 3866 quie
491 3807 648 3868 acquireretur
657 3807 724 3869 lapsu
735 3823 777 3867 per

157 3865 215 3922 ΕΒ,
231 3877 276 3915 aut
291 3867 363 3915 alem
381 3883 424 3928 per
446 3868 498 3926 ab,
521 3871 583 3934 (81),
600 3872 705 3935 adeoque
721 3886 777 3919 cum

158 3928 224 3980 hae
244 3933 276 3985 Β,
294 3933 370 3979 motui
387 3948 435 3979 non
453 3933 539 3981 officiat
558 3939 611 3998 (per
622 3937 690 3999 hyp.)
706 3951 777 3998 grave

156 4006 241 4043 notam
258 4012 331 4044 mum
347 4012 390 4058 per
408 3996 505 4057 planum
524 4000 588 4055 BC,
609 4001 691 4048 eodem
708 3999 778 4047 modo
843 4003 881 4047 87.
902 3996 1019 4044 Velocitaa
1035 3997 1111 4059 gravia
1129 4013 1171 4058 per
1186 3998 1292 4061 quemvis
1307 3998 1387 4046 circuli
1398 4015 1435 4046 ar·

158 4060 278 4113 aetianae.
295 4076 325 4108 ac
339 4061 358 4107 ai
374 4072 504 4122 expuncto
515 4063 545 4116 E,
563 4065 713 4127 perplanurn
724 4065 778 4111 uni·
811 4078 866 4110 cum
884 4063 907 4109 E
929 4063 958 4116 Β,
976 4060 1136 4109 deacendentie
1154 4062 1180 4108 in
1198 4073 1287 4122 puncto
1304 4062 1385 4110 intimo
1404 4065 1434 4119 Β,

156 4137 206 4171 tun
223 4125 248 4173 Β
266 4125 296 4179 C,
312 4126 479 4184 deacendiaeet3
496 4137 531 4175 eet
541 4129 615 4190 igitur
625 4129 735 4176 velocitas
752 4129 777 4175 in
810 4138 845 4175 eet
864 4127 893 4174 ad
910 4126 1055 4173 velocitatem
1074 4142 1145 4189 quarn
1163 4126 1229 4187 lapvu
1251 4126 1436 4187 perpendiculari

157 4187 292 4251 capul·
311 4188 427 4238 velocitati
444 4190 511 4252 lapau
527 4193 713 4253 perpendiculari
729 4209 770 4253 per
810 4206 851 4253 per
866 4202 939 4238 totam
955 4189 1095 4237 diametrum
1108 4191 1130 4237 A
1144 4191 1166 4238 B
1178 4191 1313 4252 acquireret,
1330 4201 1358 4239 ut
1368 4194 1437 4239 chor-

154 4266 194 4306 ar,
205 4254 334 4317 munta
370 4247 482 4302 Similiter
491 4257 621 4304 ostendiom
630 4258 777 4305 velocitatem
809 4256 840 4302 da
863 4256 885 4304 Β
904 4256 933 4308 Β,
950 4253 982 4302 ad
1000 4254 1140 4301 diametrum
1160 4256 1182 4302 A
1203 4256 1224 4303 Β
1243 4288 1267 4302 ..
1282 4288 1288 4302 .
1304 4291 1310 4304 .
1329 4260 1436 4305 Dera.-

155 4314 595 4381 'nDuqnelernearerelocr'tatiind
633 4323 665 4378 Q.
680 4338 700 4369 e.
711 4321 734 4368 d.
809 4319 890 4368 Ducti
914 4320 936 4366 Β
957 4320 987 4374 G,
1012 4319 1125 4365 horizonti
1145 4318 1257 4379 paralleli
1277 4319 1384 4384 adeoque
1404 4320 1435 4369 ad

181 4387 220 4431 85.
241 4384 367 4445 Augeatur
383 4383 507 4444 planonim
525 4401 644 4445 numerus,
662 4387 778 4448 etaingu.
811 4384 951 4431 diametrum
971 4384 995 4430 A
1014 4384 1043 4438 Β,
1060 4382 1251 4443 perpendiculari,
1269 4384 1379 4433 velocitaa
1393 4401 1436 4446 per

154 4442 226 4493 huna
242 4446 368 4509 longitudo
378 4448 499 4496 minuatur
509 4449 533 4496 in
545 4447 664 4498 inlinitum
675 4461 703 4498 ut
714 4451 776 4497 linea
807 4464 888 4496 arcum
901 4449 923 4495 Β
938 4449 967 4502 Β,
985 4448 1103 4509 acquisita,
1116 4447 1211 4509 aqualia
1222 4458 1257 4496 eat
1268 4448 1384 4497 velocitati
1395 4465 1435 4496 ec·

155 4510 175 4557 Δ
188 4512 208 4559 Β
219 4512 241 4560 C
255 4511 281 4558 D
290 4527 362 4558 curva
372 4511 461 4567 evadat,
474 4515 558 4575 etquia
569 4516 651 4577 anguli
664 4517 690 4572 B,
703 4515 730 4569 C,
742 4516 774 4571 D,
807 4513 897 4576 quisita·
907 4527 948 4572 per
962 4512 983 4559 G
999 4513 1019 4559 Β
1033 4511 1094 4576 (85).
1126 4511 1171 4559 Est
1182 4510 1238 4575 ergd
1248 4513 1278 4560 ad
1289 4513 1434 4562 velocitatem

153 4574 264 4623 ώάιιὶ
281 4576 383 4634 corperis
399 4591 449 4623 non
465 4577 572 4625 officiunt
589 4581 651 4642 (83),
667 4580 777 4627 manifes-
809 4593 850 4639 per
860 4579 883 4625 A
898 4578 918 4624 Β
935 4577 1069 4639 acquisitam
1077 4577 1102 4623 in
1112 4576 1201 4624 ratione
1208 4576 1368 4639 subduplieati
1377 4577 1432 4630 GB.

153 4647 252 4694 hut,
268 4640 346 4704 gravia
360 4655 402 4701 per
412 4656 507 4689 curvam
518 4641 679 4692 deacendentia
689 4644 774 4692 velocis
806 4642 837 4689 ad
849 4643 872 4689 A
886 4642 908 4689 B
921 4641 984 4706 (28.)
1004 4641 1050 4689 Sed
1061 4651 1154 4703 propter
1172 4642 1232 4689 trien
1257 4642 1289 4689 ria
1300 4638 1433 4703 rectiangula

152 4713 217 4753 u
238 4704 266 4753 in
287 4704 388 4768 a’aguiia
406 4721 485 4754 curra
506 4707 600 4769 punctio
623 4709 652 4764 Β,
681 4709 709 4765 C,
738 4658 1426 4822 DbgirniliaAEEBGE‚GD:E“ld:lilt:All
