3202 5446
121 424 233 491 ‚Lunna
250 423 416 504 Patruus]
461 423 703 491 PRINCIPIA
725 421 1107 489 MATHEMATICA.
1337 431 1394 488 uti

603 792 788 868 SECTIO
813 791 924 867 VIII.

123 977 177 1051 De
192 978 392 1051 inventione
408 978 539 1052 orbium
556 979 592 1050 in
609 979 730 1075 quibus
745 1002 894 1076 corporo
910 980 1042 1053 uiribus
1057 983 1309 1081 quibuscunque
1323 1009 1399 1059 cea.

496 1098 631 1192 tapetis
647 1099 780 1193 agitata
797 1099 1034 1171 revolvuntur.

349 1320 633 1388 PROPOSITIO
657 1322 731 1387 XL.
776 1321 1048 1390 THEOREMA
1072 1326 1171 1391 XIII.

131 1510 290 1583 utwrpua
312 1508 432 1582 cogente
453 1499 484 1562 ni
506 1495 675 1581 quicunque
699 1495 870 1579 eentn'petd,
903 1508 1050 1561 maneatur
1076 1509 1226 1582 utcunque,
1251 1511 1282 1564 ct
1299 1523 1400 1585 carpus

160 1608 246 1671 uliud
269 1601 352 1670 reatd
373 1606 512 1668 auendat
534 1606 580 1668 orl
604 1605 767 1681 descendat,
793 1606 906 1686 sintque
932 1626 1028 1666 carun
1059 1606 1222 1669 velocitates
1246 1609 1279 1669 in
1301 1610 1401 1692 aliquo

158 1713 316 1796 equalium
327 1712 516 1774 altitudinum
531 1732 600 1774 casu
613 1712 750 1794 aquales,
765 1711 929 1774 velocitates
942 1731 1039 1773 eorum
1054 1712 1087 1772 in
1100 1712 1230 1775 amnibus
1243 1715 1402 1796 equalibus

157 1818 368 1883 altitudinibus
378 1826 463 1880 aaut
476 1818 612 1900 aquata.

157 1969 344 2036 Descendat
358 1989 473 2053 corpus
488 1968 615 2054 aliquod
629 1967 669 2032 ab
684 1970 715 2034 A
729 1993 786 2054 per
802 1972 845 2049 D,
864 1971 902 2049 E,
918 1971 959 2035 ad
973 1984 1114 2036 connum
1129 1973 1167 2051 C,
1190 1987 1222 2038 et
1242 1986 1402 2039 moveatur

98 2097 233 2164 eorpus
249 2078 334 2143 aliud
349 2101 368 2142 a
383 2077 411 2139 V
427 2081 459 2141 In
473 2077 554 2142 linei
570 2078 664 2143 curvi
680 2079 708 2142 V
724 2077 741 2144 I
758 2076 791 2144 K
805 2079 836 2143 k.
882 2081 1000 2144 Centro
1016 2080 1044 2144 C
1058 2081 1224 2144 intervallis
1244 2082 1402 2168 quibusvis

92 2186 334 2250 cantianae
351 2184 458 2248 circuli
473 2187 660 2250 concentrici
676 2186 709 2250 D
726 2187 754 2264 1,
779 2186 807 2251 E
827 2186 859 2252 K
873 2199 967 2251 rectae
989 2188 1021 2252 A
1037 2187 1112 2251 Cin
1126 2187 1206 2252 Det
1228 2188 1267 2267 E,
1283 2211 1402 2254 curvae-

90 2312 176 2380 que
193 2293 224 2356 V
242 2292 258 2356 I
276 2291 308 2356 K
323 2293 355 2354 in
372 2290 388 2356 Ι
411 2306 443 2356 et
468 2291 500 2356 K
522 2306 729 2356 occurrentes.
772 2293 930 2381 Jungatur
953 2294 1015 2381 I'C
1040 2315 1094 2356 oc·
1368 2321 1400 2398 A

88 2418 248 2463 efferrens
264 2399 323 2482 ipsi
340 2397 372 2463 K
388 2397 417 2462 E
432 2398 465 2461 in
489 2399 522 2462 N
532 2422 541 2476 3
565 2411 597 2463 et
619 2400 652 2463 in
668 2401 685 2465 1
702 2400 735 2464 K
760 2400 940 2465 demittatur
961 2423 1096 2486 perpen-
1359 2326 1365 2522 Ι

91 2504 261 2570 diculum
277 2505 307 2568 N
325 2504 376 2581 T3
399 2505 499 2590 sitque
514 2505 832 2571 circumferentiarum
847 2508 1033 2572 circulorum
1047 2508 1095 2570 in·
1366 2493 1400 2564 V

84 2612 285 2678 tervallurn
301 2612 334 2676 D
358 2612 387 2676 E
412 2612 463 2675 vel
488 2612 503 2676 1
531 2613 564 2676 N
587 2636 679 2699 quarn
707 2614 880 2692 minimum,
905 2628 937 2679 et
960 2614 1097 2679 habeant

87 2745 110 2788 ι
125 2741 255 2805 orpora
270 2719 302 2781 iu
314 2719 389 2783 Det
406 2718 610 2785 Ivelocitates
622 2721 766 2808 aequales.
811 2721 969 2799 Quoniam
978 2723 1095 2785 distan-

85 2852 166 2895 noe
185 2828 216 2891 C
230 2826 277 2903 D,
295 2825 322 2890 C
340 2827 356 2891 1
371 2842 544 2912 aquantur,
556 2841 648 2891 erunt
662 2828 743 2892 vires
756 2828 934 2912 centripetoe
945 2828 978 2891 in
990 2828 1022 2892 D
1034 2841 1066 2892 et
1078 2827 1094 2891 Ι

91 2936 266 3025 aequales.
311 2936 519 3021 Exponantur
544 2936 596 2999 hae
620 2937 701 3000 vires
725 2959 782 3020 per
808 2936 943 3022 aequales
966 2936 1093 3000 lineolae

95 3151 261 3215 solvatur
276 3151 308 3214 in
323 3150 402 3214 duas
419 3150 450 3214 N
467 3151 498 3215 T
513 3163 544 3215 et
560 3151 576 3214 I
593 3150 633 3226 T,
650 3151 695 3213 vis
721 3150 753 3214 N
775 3151 814 3226 T,
842 3149 964 3239 agendo
987 3171 1095 3212 secun·
1119 3136 1160 3207 K

100 3260 197 3322 dum
213 3260 327 3324 lineam
344 3260 377 3323 N
392 3259 423 3323 T
438 3260 577 3343 corporis
600 3258 704 3322 cursui
727 3258 743 3322 I
760 3258 791 3321 T
807 3257 838 3322 K
860 3257 1095 3342 perpendicula-

108 3384 201 3443 rem,
215 3367 260 3430 nil
274 3366 407 3430 mutabit
421 3366 614 3430 velocitatem
630 3365 768 3450 corporis
783 3365 815 3426 in
839 3386 930 3427 cursu
951 3364 1015 3442 itio,
1039 3363 1094 3428 sed

116 3473 259 3553 tetrabet
273 3474 471 3539 solummodo
487 3496 599 3558 corpus
615 3497 634 3537 a
648 3496 743 3536 cursu
759 3472 927 3549 rectilinea,
943 3471 1094 3558 facietque

18 3570 23 3581 ⁸
124 3570 224 3655 ipsum
238 3580 279 3645 dc
294 3580 378 3644 orbis
394 3594 541 3668 tangente
562 3594 714 3664 perpetuo
739 3579 912 3656 deflectere,
929 3576 1022 3665 inque
1044 3579 1092 3642 uiri
1141 3656 1142 3661 η

132 3687 291 3753 ctlrvilineb
321 3689 468 3754 ITKk
495 3689 652 3777 progredi.
697 3689 737 3753 In
761 3689 822 3752 hoc
845 3688 956 3752 effectu
977 3688 1093 3772 produ·

137 3794 281 3861 candoris
296 3796 351 3861 illa
374 3810 439 3861 tota
462 3810 681 3861 consumetur:
705 3797 751 3860 vis
773 3810 876 3861 autem
900 3796 996 3860 altera
1017 3797 1091 3872 1T‚

137 3906 289 3970 mundum
319 3908 460 3992 corporis
491 3929 616 3970 cursum
646 3905 780 3993 agendo,
815 3918 881 3969 tota
910 3905 1092 3969 accelerabit

135 4002 208 4089 illud,
223 4036 258 4078 ac
272 4014 347 4078 dato
362 4026 502 4098 tempore
523 4035 617 4098 quam
642 4012 771 4077 minimo
794 4012 1047 4098 accelerationem
1072 4012 1233 4098 generabit
1257 4009 1314 4073 sibi
1339 4009 1397 4094 ipsi

129 4123 395 4205 proportionalem.
428 4122 467 4208 (Ι)
486 4121 621 4186 ΡιοίιιιΙὲ
638 4144 804 4208 corporum
815 4123 848 4184 in
862 4121 939 4186 Det
954 4121 970 4185 I
982 4121 1217 4185 accelerationes
1231 4119 1399 4205 aequalibus

154 4290 189 4355 (ἲ)
205 4297 219 4322 ⁹
235 4293 336 4343 Pramdl
352 4311 472 4356 romonum
487 4297 513 4342 in
529 4297 556 4343 D
575 4304 596 4344 et
608 4296 626 4344 I
632 4298 744 4345 accelera·
775 4304 853 4342 autem
864 4294 1017 4358 inaequalibus
1027 4294 1123 4342 utrires
1133 4291 1299 4341 mediatrices
1310 4301 1397 4340 attem-

122 4357 321 4420 tismaqnalibuo
337 4361 472 4420 ternpus-ibus
481 4361 557 4424 sacta
567 4369 623 4407 sunt
634 4369 659 4407 ut
678 4363 745 4408 linea
775 4374 832 4419 pora
841 4358 984 4422 conjunctim
992 4378 1000 4416 ς
1017 4361 1056 4406 aad
1066 4360 1133 4405 linere
1146 4359 1170 4405 D
1184 4358 1214 4412 E,
1227 4358 1240 4404 1
1254 4359 1283 4414 T,
1300 4367 1356 4403 sunt
1369 4366 1397 4404 nt

120 4422 147 4472 1)
158 4423 190 4476 E,
201 4424 218 4470 l
230 4425 257 4470 T.
292 4424 354 4471 Sunt
371 4422 435 4469 enim
453 4422 513 4469 vires
530 4423 699 4471 acceleraturus
717 4433 745 4470 ut
775 4424 835 4471 virsa
845 4424 1013 4471 acceleratrices
1023 4425 1047 4471 in
1058 4422 1221 4470 diracuonibuo
1241 4424 1266 4471 D
1278 4422 1310 4478 E,
1331 4421 1396 4478 IT;

119 4485 292 4535 &hadom
299 4497 426 4541 nutantes,
446 4503 488 4533 seu
506 4486 649 4533 celeritatnm
668 4487 743 4534 incra-
774 4486 830 4551 ergb
840 4503 962 4547 corporum
974 4488 999 4534 in
1011 4489 1035 4535 D
1046 4487 1094 4535 etl
1112 4486 1285 4534 accelerationem
1302 4485 1397 4546 aquali·

118 4560 199 4598 nent:
208 4551 324 4598 mentis
333 4548 420 4598 directi
430 4560 454 4597 et
464 4560 568 4610 tempora
575 4550 664 4598 invent
680 4552 742 4615 (13),
774 4555 819 4600 buu
828 4553 970 4612 temporibus
980 4552 1047 4599 iacta
1058 4561 1113 4598 sunt
1123 4560 1150 4597 ut
1165 4550 1233 4597 linea
1251 4553 1275 4600 D
1288 4550 1319 4605 Ε,
1334 4549 1346 4596 l
1358 4550 1395 4605 T;

115 4612 183 4663 un&
193 4614 333 4674 ternponinu
351 4614 480 4676 uqmbbus
498 4615 673 4663 accelerationea
690 4632 741 4663 nas-
773 4617 914 4677 temporibus
924 4626 1004 4664 auteur
1019 4615 1171 4680 innquuiibus
1183 4625 1209 4664 ut
1226 4615 1295 4664 linea
1311 4613 1357 4660 ille
1373 4624 1396 4661 et

113 4686 197 4730 m
212 4687 267 4727 unt
283 4688 311 4727 ut
328 4678 389 4726 risa
407 4678 584 4738 melenuioes,
601 4679 743 4740 temporibus
774 4691 876 4741 tempora
886 4681 1037 4744 conjunctim.

145 4760 248 4812 Voti.
742 4764 767 4820 Q
