3202 5446
160 493 224 558 tto
479 491 823 559 PHILOSOPHIAE
845 492 1118 562 NATURALIS
1173 493 1450 576 [Muecmon

403 748 688 817 PROPOSITIO
719 751 781 817 1x.
827 749 1100 818 THEOREMA
1129 748 1207 814 VII.

155 947 272 1015 Positis
274 946 345 1032 jam
359 950 578 1031 dampnatis,
594 954 661 1016 dico
676 947 764 1037 qudd,
785 954 815 1016 ti
827 962 983 1038 tangentes
996 953 1172 1037 aegidem
1186 947 1310 1015 sectoris
1324 951 1448 1013 cirmu-

197 1060 243 1122 ris
258 1068 287 1121 et
300 1060 422 1123 sectoris
435 1059 619 1145 hyperbolici
632 1071 787 1125 armamur
808 1061 1012 1125 velocitatibus
1026 1059 1284 1143 proportionales,
1307 1058 1449 1123 exissem

197 1167 288 1229 radio
291 1164 387 1248 justae
400 1170 637 1250 magnitudinis.-
654 1170 713 1232 erit
727 1179 840 1251 tempus
854 1190 939 1231 omne
952 1168 1133 1232 ascendendi
1146 1167 1189 1228 ad
1200 1167 1297 1227 locum
1311 1186 1447 1229 sum

87 1325 91 1338 .
198 1283 233 1336 ut
246 1283 341 1336 sector
362 1274 477 1352 cirntli,
500 1285 530 1339 et
550 1287 662 1359 tempas
683 1297 767 1340 omne
788 1276 984 1340 descendendi
997 1297 1018 1338 a
1032 1277 1096 1338 loco
1110 1294 1218 1338 summo
1231 1280 1267 1334 ut
1280 1282 1377 1336 sector
1394 1272 1445 1357 ly·

191 1379 336 1462 perhola.

199 1577 309 1642 Rectae
330 1580 360 1642 A
378 1580 415 1657 C,
439 1578 500 1667 quir
522 1581 569 1646 vis
590 1582 750 1671 gravitatis
770 1583 948 1666 exponitur,
972 1578 1238 1667 perpendicularis
1264 1589 1297 1642 et
1319 1576 1441 1664 aequalis

154 1686 286 1752 ducatur
302 1689 332 1751 A
347 1689 391 1777 D.
438 1690 558 1755 Centro
572 1693 606 1757 D
623 1692 851 1757 semidiametro
868 1693 941 1758 AD
956 1691 1151 1756 describatur
1165 1703 1232 1754 tum
1246 1688 1356 1753 circuli
1370 1710 1439 1775 qut·

154 1797 248 1862 drans
263 1800 295 1862 A
310 1811 323 1862 t
339 1798 385 1877 E3
412 1811 479 1863 tum
499 1800 672 1888 hyperbole
686 1802 866 1891 rectangula
882 1802 913 1867 A
932 1802 962 1865 V
978 1802 1004 1867 Z
1019 1823 1111 1866 axam
1124 1800 1243 1865 habens
1261 1799 1292 1866 A
1308 1797 1354 1876 Χ,
1376 1818 1437 1862 ver·

149 3870 241 3933 ticam
256 3861 458 3949 principalem
475 3862 515 3938 A,
532 3874 563 3924 et
578 3872 776 3946 asymptoton
798 3861 887 3926 DC.
933 3863 1100 3929 Ducuntur
1121 3868 1201 3953 Dp,
1219 3870 1252 3935 D
1270 3873 1308 3951 P,
1337 3874 1431 3940 eterit

149 3989 251 4040 sector
265 3970 465 4036 circularisA
482 3982 495 4030 t
510 3969 543 4031 D
560 3982 593 4030 ut
610 3981 732 4050 tempus
748 3989 840 4031 omne
863 3970 1050 4034 ascendendi
1073 3973 1113 4036 ad
1136 3973 1239 4040 locum
1266 4003 1434 4059 summum

148 4096 180 4146 et
194 4094 295 4146 sector
308 4074 527 4163 hyperbolicas
545 4075 574 4137 A
592 4073 623 4136 T
638 4074 671 4136 D
688 4086 723 4134 ut
745 4085 868 4157 tempus
888 4098 980 4138 omne
1003 4077 1212 4145 descendendi
1228 4108 1247 4147 a
1262 4084 1335 4151 loco
1356 4111 1436 4153 sum·

148 4215 218 4256 mo:
243 4192 276 4255 Si
292 4188 387 4253 modo
402 4200 556 4249 sectorum
572 4196 734 4270 tangentes
752 4185 782 4247 A
798 4205 829 4266 p,
847 4186 876 4248 A
895 4185 932 4259 P,
949 4187 1011 4250 sint
1025 4201 1060 4251 ut
1074 4189 1262 4259 velocitates.

192 4303 261 4363 Cas.
288 4309 315 4361 l.
349 4298 471 4384 Agatur
496 4293 579 4356 enim
604 4294 637 4356 D
658 4316 715 4378 vq
739 4291 924 4358 abscindens
949 4299 1077 4361 sectoris
1102 4302 1132 4364 A
1150 4302 1212 4368 Dt
1235 4319 1268 4369 et
1291 4309 1438 4398 trianguli

149 4410 180 4473 A
197 4408 229 4470 D
245 4430 266 4491 p
280 4419 448 4481 momenta,
472 4426 527 4466 seu
542 4402 708 4486 particulas
725 4425 819 4488 quam
835 4404 980 4469 minimas
996 4408 1087 4472 simul
1103 4410 1274 4498 descriptas
1289 4431 1303 4481 t
1320 4420 1354 4484 D
1369 4444 1388 4484 v
1409 4433 1441 4485 et

148 4539 170 4601 q
187 4514 219 4578 D
234 4535 266 4597 p.
299 4513 381 4576 Cum
395 4509 557 4596 particulae
571 4509 643 4587 illae,
660 4510 701 4572 ob
716 4509 867 4597 angulum
882 4534 1078 4580 communem
1088 4517 1133 4596 D,
1150 4533 1223 4583 sunt
1238 4523 1278 4606 (ἀ)
1289 4526 1322 4589 in
1339 4527 1440 4613 dupli·

183 4689 216 4752 (a)
229 4690 242 4717 ο
256 4689 287 4734 In
303 4685 419 4747 tranunt
436 4689 524 4734 entiam
538 4687 644 4758 laternam·
681 4684 743 4731 Nem
760 4683 779 4730 si
812 4685 880 4760 ipsi-v¹
890 4695 908 4742 t,
920 4686 967 4734 duo
978 4690 1094 4763 rripngrrla
1105 4697 1263 4745 armamenti,
1277 4700 1356 4764 nv·
1371 4704 1441 4752 D„

148 4770 176 4800 er
191 4750 455 4815 punctoqducaturad
469 4751 493 4798 D
505 4765 520 4809 p
532 4748 662 4810 lineolaqr
673 4749 780 4809 parallela
812 4750 896 4797 uunlm
907 4763 962 4800 suut
973 4765 995 4801 ct
1006 4770 1030 4801 m
1042 4756 1130 4804 ratione
1141 4759 1258 4819 duplicati
1270 4764 1372 4814 latemur
1392 4770 1439 4832 ὓς
