<?xml version="1.0" encoding="UTF-8"?>
<!DOCTYPE html PUBLIC "-//W3C//DTD XHTML 1.0 Transitional//EN"
    "http://www.w3.org/TR/xhtml1/DTD/xhtml1-transitional.dtd">
<html xmlns="http://www.w3.org/1999/xhtml" xml:lang="en" lang="en">
 <head>
  <title>
</title>
<meta http-equiv="Content-Type" content="text/html;charset=utf-8" />
  <meta name='ocr-system' content='tesseract 3.04.00' />
  <meta name='ocr-capabilities' content='ocr_page ocr_carea ocr_par ocr_line ocrx_word'/>
</head>
<body>
  <div class='ocr_page' id='page_1' title='image "./philosophiaenat00newtgoog_0034.png"; bbox 0 0 3202 5446; ppageno 0'>
   <div class='ocr_carea' id='block_1_1' title="bbox 780 477 845 518">
    <p class='ocr_par' dir='ltr' id='par_1_1' title="bbox 780 477 845 518">
     <span class='ocr_line' id='line_1_1' title="bbox 780 477 845 518; baseline 0 0"><span class='ocrx_word' id='word_1_1' title='bbox 780 477 845 518; x_wconf 75' lang='lat' dir='ltr'>XXX</span> 
     </span>
    </p>
   </div>
   <div class='ocr_carea' id='block_1_2' title="bbox 176 627 1273 3099">
    <p class='ocr_par' dir='ltr' id='par_1_2' title="bbox 293 627 1171 1264">
     <span class='ocr_line' id='line_1_2' title="bbox 299 627 1113 713; baseline -0.001 -21"><span class='ocrx_word' id='word_1_2' title='bbox 299 629 382 704; x_wconf 83' lang='lat' dir='ltr'>Quoe</span> <span class='ocrx_word' id='word_1_3' title='bbox 397 629 488 692; x_wconf 88' lang='lat' dir='ltr'>toties</span> <span class='ocrx_word' id='word_1_4' title='bbox 503 627 623 693; x_wconf 88' lang='lat' dir='ltr'>animos</span> <span class='ocrx_word' id='word_1_5' title='bbox 637 640 776 693; x_wconf 81' lang='lat' dir='ltr'>veterum</span> <span class='ocrx_word' id='word_1_6' title='bbox 799 644 917 694; x_wconf 89' lang='lat' dir='ltr'>torsere</span> <span class='ocrx_word' id='word_1_7' title='bbox 932 627 1113 713; x_wconf 89' lang='lat' dir='ltr'>sophorum,</span> 
     </span>
     <span class='ocr_line' id='line_1_3' title="bbox 299 735 1139 824; baseline -0.001 -23"><span class='ocrx_word' id='word_1_8' title='bbox 299 738 443 824; x_wconf 87' lang='lat' dir='ltr'>Quaeque</span> <span class='ocrx_word' id='word_1_9' title='bbox 458 737 579 801; x_wconf 89' lang='lat' dir='ltr'>scholas</span> <span class='ocrx_word' id='word_1_10' title='bbox 594 735 709 801; x_wconf 88' lang='lat' dir='ltr'>frustra</span> <span class='ocrx_word' id='word_1_11' title='bbox 723 759 819 801; x_wconf 86' lang='lat' dir='ltr'>rauco</span> <span class='ocrx_word' id='word_1_12' title='bbox 833 737 1000 802; x_wconf 74' lang='lat' dir='ltr'>certamine</span> <span class='ocrx_word' id='word_1_13' title='bbox 1016 749 1139 814; x_wconf 85' lang='lat' dir='ltr'>vexant,</span> 
     </span>
     <span class='ocr_line' id='line_1_4' title="bbox 293 846 1078 933; baseline -0.003 -20"><span class='ocrx_word' id='word_1_14' title='bbox 293 848 406 913; x_wconf 81' lang='lat' dir='ltr'>-Obvia</span> <span class='ocrx_word' id='word_1_15' title='bbox 419 847 640 932; x_wconf 76' lang='lat' dir='ltr'><strong>conspicimus,</strong></span> <span class='ocrx_word' id='word_1_16' title='bbox 652 847 770 912; x_wconf 90' lang='lat' dir='ltr'>nubem</span> <span class='ocrx_word' id='word_1_17' title='bbox 786 847 922 933; x_wconf 84' lang='lat' dir='ltr'>pellente</span> <span class='ocrx_word' id='word_1_18' title='bbox 936 846 1078 911; x_wconf 88' lang='lat' dir='ltr'>mathesi.</span> 
     </span>
     <span class='ocr_line' id='line_1_5' title="bbox 300 957 1052 1046; baseline -0.004 -23"><span class='ocrx_word' id='word_1_19' title='bbox 300 960 373 1024; x_wconf 91' lang='lat' dir='ltr'>Jam</span> <span class='ocrx_word' id='word_1_20' title='bbox 388 959 500 1023; x_wconf 89' lang='lat' dir='ltr'>dubios</span> <span class='ocrx_word' id='word_1_21' title='bbox 514 957 601 1023; x_wconf 83' lang='lat' dir='ltr'>nulli</span> <span class='ocrx_word' id='word_1_22' title='bbox 617 957 749 1046; x_wconf 79' lang='lat' dir='ltr'>caligine</span> <span class='ocrx_word' id='word_1_23' title='bbox 762 970 941 1046; x_wconf 72' lang='lat' dir='ltr'>praegravat</span> <span class='ocrx_word' id='word_1_24' title='bbox 954 978 1052 1034; x_wconf 88' lang='lat' dir='ltr'>error,</span> 
     </span>
     <span class='ocr_line' id='line_1_6' title="bbox 299 1061 1171 1155; baseline -0.006 -23"><span class='ocrx_word' id='word_1_25' title='bbox 299 1069 399 1144; x_wconf 84' lang='lat' dir='ltr'>Queia</span> <span class='ocrx_word' id='word_1_26' title='bbox 414 1066 561 1152; x_wconf 77' lang='lat' dir='ltr'>superirm</span> <span class='ocrx_word' id='word_1_27' title='bbox 576 1080 740 1152; x_wconf 87' lang='lat' dir='ltr'>penetrare</span> <span class='ocrx_word' id='word_1_28' title='bbox 754 1067 865 1132; x_wconf 86' lang='lat' dir='ltr'>domos</span> <span class='ocrx_word' id='word_1_29' title='bbox 879 1081 973 1155; x_wconf 90' lang='lat' dir='ltr'>atque</span> <span class='ocrx_word' id='word_1_30' title='bbox 987 1065 1086 1131; x_wconf 88' lang='lat' dir='ltr'>ardua</span> <span class='ocrx_word' id='word_1_31' title='bbox 1099 1061 1171 1129; x_wconf 87' lang='lat' dir='ltr'>ooeli</span> 
     </span>
     <span class='ocr_line' id='line_1_7' title="bbox 301 1170 1126 1264; baseline -0.005 -22"><span class='ocrx_word' id='word_1_32' title='bbox 301 1177 460 1242; x_wconf 82' lang='lat' dir='ltr'>Scandere</span> <span class='ocrx_word' id='word_1_33' title='bbox 474 1176 615 1241; x_wconf 89' lang='lat' dir='ltr'>sublimis</span> <span class='ocrx_word' id='word_1_34' title='bbox 629 1176 714 1264; x_wconf 83' lang='lat' dir='ltr'>genii</span> <span class='ocrx_word' id='word_1_35' title='bbox 728 1176 881 1240; x_wconf 87' lang='lat' dir='ltr'>concessit</span> <span class='ocrx_word' id='word_1_36' title='bbox 895 1197 1036 1240; x_wconf 86' lang='lat' dir='ltr'>acumen.</span> <span class='ocrx_word' id='word_1_37' title='bbox 1117 1170 1126 1179; x_wconf 81' lang='grc'><em>“</em></span> 
     </span>
    </p>

    <p class='ocr_par' dir='ltr' id='par_1_3' title="bbox 294 1285 1120 2779">
     <span class='ocr_line' id='line_1_8' title="bbox 344 1285 1058 1374; baseline 0 -24"><span class='ocrx_word' id='word_1_38' title='bbox 344 1287 480 1374; x_wconf 81' lang='lat' dir='ltr'>Surgite,</span> <span class='ocrx_word' id='word_1_39' title='bbox 498 1285 654 1363; x_wconf 82' lang='lat' dir='ltr'>mortales,</span> <span class='ocrx_word' id='word_1_40' title='bbox 671 1296 809 1350; x_wconf 88' lang='lat' dir='ltr'>terrenas</span> <span class='ocrx_word' id='word_1_41' title='bbox 823 1286 936 1349; x_wconf 91' lang='lat' dir='ltr'>mittite</span> <span class='ocrx_word' id='word_1_42' title='bbox 951 1308 1058 1363; x_wconf 83' lang='lat' dir='ltr'>curas3</span> 
     </span>
     <span class='ocr_line' id='line_1_9' title="bbox 298 1395 1089 1484; baseline -0.004 -23"><span class='ocrx_word' id='word_1_43' title='bbox 298 1398 404 1484; x_wconf 86' lang='lat' dir='ltr'>Atque</span> <span class='ocrx_word' id='word_1_44' title='bbox 417 1396 492 1460; x_wconf 91' lang='lat' dir='ltr'>hinc</span> <span class='ocrx_word' id='word_1_45' title='bbox 506 1395 668 1483; x_wconf 80' lang='lat' dir='ltr'>coeligenae</span> <span class='ocrx_word' id='word_1_46' title='bbox 682 1396 762 1459; x_wconf 85' lang='lat' dir='ltr'>vires</span> <span class='ocrx_word' id='word_1_47' title='bbox 778 1395 952 1483; x_wconf 83' lang='lat' dir='ltr'>dignoscite</span> <span class='ocrx_word' id='word_1_48' title='bbox 966 1395 1089 1473; x_wconf 84' lang='lat' dir='ltr'>mentis,</span> 
     </span>
     <span class='ocr_line' id='line_1_10' title="bbox 297 1502 982 1592; baseline -0.001 -22"><span class='ocrx_word' id='word_1_49' title='bbox 297 1507 328 1570; x_wconf 82' lang='lat' dir='ltr'>A</span> <span class='ocrx_word' id='word_1_50' title='bbox 343 1506 501 1590; x_wconf 87' lang='lat' dir='ltr'>pecudum</span> <span class='ocrx_word' id='word_1_51' title='bbox 515 1505 578 1569; x_wconf 74' lang='lat' dir='ltr'>vita</span> <span class='ocrx_word' id='word_1_52' title='bbox 593 1502 689 1592; x_wconf 69' lang='lat' dir='ltr'>longe</span> <span class='ocrx_word' id='word_1_53' title='bbox 704 1503 828 1592; x_wconf 75' lang='lat' dir='ltr'>lateque</span> <span class='ocrx_word' id='word_1_54' title='bbox 843 1517 982 1570; x_wconf 84' lang='lat' dir='ltr'>remotoe.</span> 
     </span>
     <span class='ocr_line' id='line_1_11' title="bbox 299 1613 1071 1699; baseline 0 -22"><span class='ocrx_word' id='word_1_55' title='bbox 299 1613 366 1691; x_wconf 88' lang='lat' dir='ltr'>Qui</span> <span class='ocrx_word' id='word_1_56' title='bbox 380 1613 502 1698; x_wconf 87' lang='lat' dir='ltr'>scriptis</span> <span class='ocrx_word' id='word_1_57' title='bbox 511 1613 605 1698; x_wconf 88' lang='lat' dir='ltr'>jussit</span> <span class='ocrx_word' id='word_1_58' title='bbox 619 1613 732 1677; x_wconf 86' lang='lat' dir='ltr'>tabulis</span> <span class='ocrx_word' id='word_1_59' title='bbox 747 1635 943 1699; x_wconf 86' lang='lat' dir='ltr'>compescere</span> <span class='ocrx_word' id='word_1_60' title='bbox 958 1613 1071 1688; x_wconf 83' lang='lat' dir='ltr'>caedes,</span> 
     </span>
     <span class='ocr_line' id='line_1_12' title="bbox 299 1721 1110 1809; baseline -0.001 -21"><span class='ocrx_word' id='word_1_61' title='bbox 299 1723 397 1788; x_wconf 80' lang='lat' dir='ltr'>Furta</span> <span class='ocrx_word' id='word_1_62' title='bbox 411 1734 442 1785; x_wconf 89' lang='lat' dir='ltr'>et</span> <span class='ocrx_word' id='word_1_63' title='bbox 457 1722 618 1800; x_wconf 83' lang='lat' dir='ltr'>adulteria,</span> <span class='ocrx_word' id='word_1_64' title='bbox 634 1734 666 1786; x_wconf 91' lang='lat' dir='ltr'>et</span> <span class='ocrx_word' id='word_1_65' title='bbox 679 1723 814 1809; x_wconf 79' lang='lat' dir='ltr'>perjmae</span> <span class='ocrx_word' id='word_1_66' title='bbox 828 1724 961 1788; x_wconf 88' lang='lat' dir='ltr'>crimina</span> <span class='ocrx_word' id='word_1_67' title='bbox 974 1721 1093 1788; x_wconf 84' lang='lat' dir='ltr'>fraudis</span> <span class='ocrx_word' id='word_1_68' title='bbox 1100 1746 1110 1800; x_wconf 90' lang='lat'>;</span> 
     </span>
     <span class='ocr_line' id='line_1_13' title="bbox 298 1832 1120 1919; baseline 0.002 -23"><span class='ocrx_word' id='word_1_69' title='bbox 298 1832 402 1908; x_wconf 89' lang='lat' dir='ltr'>Quive</span> <span class='ocrx_word' id='word_1_70' title='bbox 416 1832 503 1919; x_wconf 85' lang='lat' dir='ltr'>vagis</span> <span class='ocrx_word' id='word_1_71' title='bbox 517 1832 641 1916; x_wconf 88' lang='lat' dir='ltr'>populis</span> <span class='ocrx_word' id='word_1_72' title='bbox 656 1833 840 1897; x_wconf 80' lang='lat' dir='ltr'>circundare</span> <span class='ocrx_word' id='word_1_73' title='bbox 855 1832 1011 1897; x_wconf 89' lang='lat' dir='ltr'>moenibus</span> <span class='ocrx_word' id='word_1_74' title='bbox 1026 1833 1120 1898; x_wconf 77' lang='lat' dir='ltr'>urbes</span> 
     </span>
     <span class='ocr_line' id='line_1_14' title="bbox 298 1938 1112 2028; baseline 0.001 -25"><span class='ocrx_word' id='word_1_75' title='bbox 298 1941 420 2004; x_wconf 85' lang='lat' dir='ltr'>Auctor</span> <span class='ocrx_word' id='word_1_76' title='bbox 434 1951 517 2013; x_wconf 83' lang='lat' dir='ltr'>erat3</span> <span class='ocrx_word' id='word_1_77' title='bbox 542 1938 705 2002; x_wconf 87' lang='lat' dir='ltr'>Cererisve</span> <span class='ocrx_word' id='word_1_78' title='bbox 718 1939 822 2002; x_wconf 81' lang='lat' dir='ltr'>beavit</span> <span class='ocrx_word' id='word_1_79' title='bbox 836 1961 966 2003; x_wconf 89' lang='lat' dir='ltr'>munere</span> <span class='ocrx_word' id='word_1_80' title='bbox 979 1952 1112 2028; x_wconf 68' lang='lat' dir='ltr'>gentes:</span> 
     </span>
     <span class='ocr_line' id='line_1_15' title="bbox 294 2044 1010 2130; baseline 0.004 -22"><span class='ocrx_word' id='word_1_81' title='bbox 294 2044 356 2110; x_wconf 90' lang='lat' dir='ltr'>Vel</span> <span class='ocrx_word' id='word_1_82' title='bbox 371 2045 424 2130; x_wconf 91' lang='lat' dir='ltr'>qui</span> <span class='ocrx_word' id='word_1_83' title='bbox 439 2066 584 2108; x_wconf 89' lang='lat' dir='ltr'>curarum</span> <span class='ocrx_word' id='word_1_84' title='bbox 599 2044 735 2108; x_wconf 89' lang='lat' dir='ltr'>lenimen</span> <span class='ocrx_word' id='word_1_85' title='bbox 749 2047 862 2128; x_wconf 90' lang='lat' dir='ltr'>pressit</span> <span class='ocrx_word' id='word_1_86' title='bbox 876 2045 916 2110; x_wconf 85' lang='lat' dir='ltr'>ab</span> <span class='ocrx_word' id='word_1_87' title='bbox 930 2047 991 2111; x_wconf 80' lang='lat' dir='ltr'>uvi</span> <span class='ocrx_word' id='word_1_88' title='bbox 999 2071 1010 2123; x_wconf 82' lang='lat'>3</span> 
     </span>
     <span class='ocr_line' id='line_1_16' title="bbox 296 2151 1043 2240; baseline 0 -22"><span class='ocrx_word' id='word_1_89' title='bbox 296 2155 357 2219; x_wconf 88' lang='lat' dir='ltr'>Vel</span> <span class='ocrx_word' id='word_1_90' title='bbox 372 2155 426 2240; x_wconf 92' lang='lat' dir='ltr'>qui</span> <span class='ocrx_word' id='word_1_91' title='bbox 442 2151 563 2217; x_wconf 77' lang='lat' dir='ltr'>Niliaci</span> <span class='ocrx_word' id='word_1_92' title='bbox 577 2155 762 2218; x_wconf 87' lang='lat' dir='ltr'>monstravit</span> <span class='ocrx_word' id='word_1_93' title='bbox 776 2155 929 2219; x_wconf 89' lang='lat' dir='ltr'>arundine</span> <span class='ocrx_word' id='word_1_94' title='bbox 943 2155 1043 2239; x_wconf 85' lang='lat' dir='ltr'>pictos</span> 
     </span>
     <span class='ocr_line' id='line_1_17' title="bbox 297 2261 1078 2349; baseline 0 -22"><span class='ocrx_word' id='word_1_95' title='bbox 297 2261 487 2328; x_wconf 82' lang='lat' dir='ltr'>consociare</span> <span class='ocrx_word' id='word_1_96' title='bbox 501 2283 604 2338; x_wconf 92' lang='lat' dir='ltr'>sonos,</span> <span class='ocrx_word' id='word_1_97' title='bbox 621 2261 782 2349; x_wconf 89' lang='lat' dir='ltr'>oculisque</span> <span class='ocrx_word' id='word_1_98' title='bbox 796 2284 954 2347; x_wconf 84' lang='lat' dir='ltr'>exponere</span> <span class='ocrx_word' id='word_1_99' title='bbox 969 2285 1078 2340; x_wconf 83' lang='lat' dir='ltr'>voces3</span> 
     </span>
     <span class='ocr_line' id='line_1_18' title="bbox 296 2368 1118 2456; baseline 0.001 -23"><span class='ocrx_word' id='word_1_100' title='bbox 296 2368 481 2433; x_wconf 84' lang='lat' dir='ltr'>Humanam</span> <span class='ocrx_word' id='word_1_101' title='bbox 495 2379 611 2431; x_wconf 85' lang='lat' dir='ltr'>sortem</span> <span class='ocrx_word' id='word_1_102' title='bbox 625 2369 728 2432; x_wconf 89' lang='lat' dir='ltr'>minus</span> <span class='ocrx_word' id='word_1_103' title='bbox 743 2369 872 2433; x_wconf 85' lang='lat' dir='ltr'>extulit:</span> <span class='ocrx_word' id='word_1_104' title='bbox 895 2382 1003 2454; x_wconf 83' lang='lat' dir='ltr'>utpote</span> <span class='ocrx_word' id='word_1_105' title='bbox 1016 2392 1118 2456; x_wconf 89' lang='lat' dir='ltr'>pauca</span> 
     </span>
     <span class='ocr_line' id='line_1_19' title="bbox 298 2474 1016 2559; baseline 0.004 -19"><span class='ocrx_word' id='word_1_106' title='bbox 298 2474 481 2559; x_wconf 88' lang='lat' dir='ltr'>Respiciens</span> <span class='ocrx_word' id='word_1_107' title='bbox 494 2475 617 2540; x_wconf 85' lang='lat' dir='ltr'>miserae</span> <span class='ocrx_word' id='word_1_108' title='bbox 631 2488 754 2540; x_wconf 87' lang='lat' dir='ltr'>tantum</span> <span class='ocrx_word' id='word_1_109' title='bbox 769 2477 920 2542; x_wconf 88' lang='lat' dir='ltr'>solamina</span> <span class='ocrx_word' id='word_1_110' title='bbox 934 2479 1016 2543; x_wconf 79' lang='lat' dir='ltr'>vitae.</span> 
     </span>
     <span class='ocr_line' id='line_1_20' title="bbox 294 2584 1033 2672; baseline 0.003 -23"><span class='ocrx_word' id='word_1_111' title='bbox 294 2586 367 2649; x_wconf 86' lang='lat' dir='ltr'>Jam</span> <span class='ocrx_word' id='word_1_112' title='bbox 382 2605 457 2648; x_wconf 89' lang='lat' dir='ltr'>vero</span> <span class='ocrx_word' id='word_1_113' title='bbox 471 2584 591 2672; x_wconf 86' lang='lat' dir='ltr'>superis</span> <span class='ocrx_word' id='word_1_114' title='bbox 606 2585 745 2649; x_wconf 74' lang='lat' dir='ltr'>convivae</span> <span class='ocrx_word' id='word_1_115' title='bbox 759 2585 962 2665; x_wconf 88' lang='lat' dir='ltr'>admittimur,</span> <span class='ocrx_word' id='word_1_116' title='bbox 977 2585 1033 2651; x_wconf 88' lang='lat' dir='ltr'>alti</span> 
     </span>
     <span class='ocr_line' id='line_1_21' title="bbox 294 2689 1065 2779; baseline 0.005 -24"><span class='ocrx_word' id='word_1_117' title='bbox 294 2691 316 2755; x_wconf 93' lang='lat' dir='ltr'>J</span> <span class='ocrx_word' id='word_1_118' title='bbox 317 2713 374 2755; x_wconf 90' lang='lat' dir='ltr'>ura</span> <span class='ocrx_word' id='word_1_119' title='bbox 387 2689 453 2774; x_wconf 90' lang='lat' dir='ltr'>poli</span> <span class='ocrx_word' id='word_1_120' title='bbox 467 2701 599 2755; x_wconf 87' lang='lat' dir='ltr'>tractare</span> <span class='ocrx_word' id='word_1_121' title='bbox 613 2691 695 2769; x_wconf 77' lang='lat' dir='ltr'>licet,</span> <span class='ocrx_word' id='word_1_122' title='bbox 709 2693 839 2779; x_wconf 89' lang='lat' dir='ltr'>jamque</span> <span class='ocrx_word' id='word_1_123' title='bbox 853 2693 959 2758; x_wconf 81' lang='lat' dir='ltr'>abdita</span> <span class='ocrx_word' id='word_1_124' title='bbox 972 2714 1065 2758; x_wconf 82' lang='lat' dir='ltr'>caecae</span> 
     </span>
    </p>

    <p class='ocr_par' dir='ltr' id='par_1_4' title="bbox 176 2799 1164 2887">
     <span class='ocr_line' id='line_1_22' title="bbox 176 2799 1164 2887; baseline 0.004 -24"><span class='ocrx_word' id='word_1_125' title='bbox 176 2867 179 2873; x_wconf 67' lang='grc'><em>,</em></span> <span class='ocrx_word' id='word_1_126' title='bbox 294 2800 440 2864; x_wconf 84' lang='lat' dir='ltr'>Claustra</span> <span class='ocrx_word' id='word_1_127' title='bbox 453 2811 561 2883; x_wconf 86' lang='lat' dir='ltr'>patent</span> <span class='ocrx_word' id='word_1_128' title='bbox 575 2799 696 2877; x_wconf 86' lang='lat' dir='ltr'>Terroe,</span> <span class='ocrx_word' id='word_1_129' title='bbox 711 2822 878 2887; x_wconf 91' lang='lat' dir='ltr'>rerumque</span> <span class='ocrx_word' id='word_1_130' title='bbox 891 2801 1060 2866; x_wconf 89' lang='lat' dir='ltr'>immobilis</span> <span class='ocrx_word' id='word_1_131' title='bbox 1074 2801 1164 2878; x_wconf 84' lang='lat' dir='ltr'>ordo,</span> 
     </span>
    </p>

    <p class='ocr_par' dir='ltr' id='par_1_5' title="bbox 295 2910 1008 2997">
     <span class='ocr_line' id='line_1_23' title="bbox 295 2910 1008 2997; baseline 0.001 -22"><span class='ocrx_word' id='word_1_132' title='bbox 295 2911 337 2975; x_wconf 85' lang='lat' dir='ltr'>Et</span> <span class='ocrx_word' id='word_1_133' title='bbox 352 2932 422 2997; x_wconf 77' lang='lat' dir='ltr'>qum</span> <span class='ocrx_word' id='word_1_134' title='bbox 436 2910 585 2994; x_wconf 80' lang='lat' dir='ltr'>praeteriti</span> <span class='ocrx_word' id='word_1_135' title='bbox 599 2911 759 2975; x_wconf 84' lang='lat' dir='ltr'>latuerunt</span> <span class='ocrx_word' id='word_1_136' title='bbox 772 2910 876 2975; x_wconf 86' lang='lat' dir='ltr'>secula</span> <span class='ocrx_word' id='word_1_137' title='bbox 889 2911 1008 2977; x_wconf 90' lang='lat' dir='ltr'>mundi.</span> 
     </span>
    </p>

    <p class='ocr_par' dir='ltr' id='par_1_6' title="bbox 337 3014 1273 3099">
     <span class='ocr_line' id='line_1_24' title="bbox 337 3014 1273 3099; baseline 0.002 -17"><span class='ocrx_word' id='word_1_138' title='bbox 337 3017 431 3082; x_wconf 81' lang='lat' dir='ltr'>Talia</span> <span class='ocrx_word' id='word_1_139' title='bbox 444 3031 670 3082; x_wconf 82' lang='lat' dir='ltr'>monstrantem</span> <span class='ocrx_word' id='word_1_140' title='bbox 689 3040 813 3082; x_wconf 90' lang='lat' dir='ltr'>mecum</span> <span class='ocrx_word' id='word_1_141' title='bbox 828 3020 982 3084; x_wconf 82' lang='lat' dir='ltr'>celebrate</span> <span class='ocrx_word' id='word_1_142' title='bbox 992 3021 1150 3099; x_wconf 86' lang='lat' dir='ltr'>camoenis,</span> <span class='ocrx_word' id='word_1_143' title='bbox 1269 3014 1273 3021; x_wconf 72' lang='grc'><strong>’</strong></span> 
     </span>
    </p>
   </div>
   <div class='ocr_carea' id='block_1_3' title="bbox 295 3124 1150 3540">
    <p class='ocr_par' dir='ltr' id='par_1_7' title="bbox 295 3124 1150 3540">
     <span class='ocr_line' id='line_1_25' title="bbox 295 3124 1022 3216; baseline 0.006 -28"><span class='ocrx_word' id='word_1_144' title='bbox 295 3125 362 3189; x_wconf 91' lang='lat' dir='ltr'>Vos</span> <span class='ocrx_word' id='word_1_145' title='bbox 378 3124 595 3190; x_wconf 87' lang='lat' dir='ltr'>Oooelicolum</span> <span class='ocrx_word' id='word_1_146' title='bbox 608 3126 780 3216; x_wconf 80' lang='lat' dir='ltr'>gaudentes</span> <span class='ocrx_word' id='word_1_147' title='bbox 791 3140 916 3191; x_wconf 85' lang='lat' dir='ltr'>nectare</span> <span class='ocrx_word' id='word_1_148' title='bbox 930 3131 1022 3208; x_wconf 89' lang='lat' dir='ltr'>vesci,</span> 
     </span>
     <span class='ocr_line' id='line_1_26' title="bbox 299 3233 1021 3315; baseline 0.001 -16"><span class='ocrx_word' id='word_1_149' title='bbox 299 3236 485 3299; x_wconf 84' lang='lat' dir='ltr'>Newtonum</span> <span class='ocrx_word' id='word_1_150' title='bbox 500 3233 595 3298; x_wconf 84' lang='lat' dir='ltr'>clausi</span> <span class='ocrx_word' id='word_1_151' title='bbox 609 3247 800 3300; x_wconf 77' lang='lat' dir='ltr'>reserantem</span> <span class='ocrx_word' id='word_1_152' title='bbox 819 3235 933 3299; x_wconf 88' lang='lat' dir='ltr'>scrinia</span> <span class='ocrx_word' id='word_1_153' title='bbox 946 3241 1021 3315; x_wconf 84' lang='lat' dir='ltr'>veri,</span> 
     </span>
     <span class='ocr_line' id='line_1_27' title="bbox 297 3342 1067 3429; baseline 0.001 -22"><span class='ocrx_word' id='word_1_154' title='bbox 297 3342 486 3408; x_wconf 83' lang='lat' dir='ltr'>Newtonum</span> <span class='ocrx_word' id='word_1_155' title='bbox 502 3342 606 3406; x_wconf 91' lang='lat' dir='ltr'>Musis</span> <span class='ocrx_word' id='word_1_156' title='bbox 621 3343 760 3420; x_wconf 87' lang='lat' dir='ltr'>charum,</span> <span class='ocrx_word' id='word_1_157' title='bbox 776 3343 827 3407; x_wconf 90' lang='lat' dir='ltr'>cui</span> <span class='ocrx_word' id='word_1_158' title='bbox 840 3356 967 3429; x_wconf 87' lang='lat' dir='ltr'>pectore</span> <span class='ocrx_word' id='word_1_159' title='bbox 985 3366 1067 3429; x_wconf 90' lang='lat' dir='ltr'>puro</span> 
     </span>
     <span class='ocr_line' id='line_1_28' title="bbox 298 3450 1150 3540; baseline 0.002 -26"><span class='ocrx_word' id='word_1_160' title='bbox 298 3451 437 3515; x_wconf 88' lang='lat' dir='ltr'>Phoebus</span> <span class='ocrx_word' id='word_1_161' title='bbox 453 3450 551 3528; x_wconf 79' lang='lat' dir='ltr'>adest,</span> <span class='ocrx_word' id='word_1_162' title='bbox 575 3463 703 3540; x_wconf 89' lang='lat' dir='ltr'>totoque</span> <span class='ocrx_word' id='word_1_163' title='bbox 717 3450 842 3515; x_wconf 90' lang='lat' dir='ltr'>incessit</span> <span class='ocrx_word' id='word_1_164' title='bbox 854 3452 983 3516; x_wconf 89' lang='lat' dir='ltr'>numine</span> <span class='ocrx_word' id='word_1_165' title='bbox 996 3465 1150 3517; x_wconf 90' lang='lat' dir='ltr'>mentem:</span> 
     </span>
    </p>
   </div>
   <div class='ocr_carea' id='block_1_4' title="bbox 297 3558 1038 3654">
    <p class='ocr_par' dir='ltr' id='par_1_8' title="bbox 297 3558 1038 3654">
     <span class='ocr_line' id='line_1_29' title="bbox 297 3558 1038 3654; baseline 0.003 -29"><span class='ocrx_word' id='word_1_166' title='bbox 297 3558 365 3625; x_wconf 89' lang='lat' dir='ltr'>Nec</span> <span class='ocrx_word' id='word_1_167' title='bbox 379 3558 424 3623; x_wconf 84' lang='lat' dir='ltr'>sas</span> <span class='ocrx_word' id='word_1_168' title='bbox 438 3572 485 3624; x_wconf 80' lang='lat' dir='ltr'>est</span> <span class='ocrx_word' id='word_1_169' title='bbox 498 3559 626 3651; x_wconf 87' lang='lat' dir='ltr'>propius</span> <span class='ocrx_word' id='word_1_170' title='bbox 637 3560 759 3625; x_wconf 83' lang='lat' dir='ltr'>mortali</span> <span class='ocrx_word' id='word_1_171' title='bbox 773 3561 925 3654; x_wconf 81' lang='lat' dir='ltr'>attingere</span> <span class='ocrx_word' id='word_1_172' title='bbox 940 3561 1038 3628; x_wconf 79' lang='lat' dir='ltr'>divos.</span> 
     </span>
    </p>
   </div>
   <div class='ocr_carea' id='block_1_5' title="bbox 1107 3718 1438 3789">
    <p class='ocr_par' dir='ltr' id='par_1_9' title="bbox 1107 3718 1438 3789">
     <span class='ocr_line' id='line_1_30' title="bbox 1107 3718 1438 3789; baseline 0.021 -6"><span class='ocrx_word' id='word_1_173' title='bbox 1107 3718 1221 3785; x_wconf 87' lang='lat' dir='ltr'><strong>EDM.</strong></span> <span class='ocrx_word' id='word_1_174' title='bbox 1247 3720 1438 3789; x_wconf 83' lang='lat' dir='ltr'>HALLEY</span> 
     </span>
    </p>
   </div>
   <div class='ocr_carea' id='block_1_6' title="bbox 0 0 1610 5446">
    <p class='ocr_par' dir='ltr' id='par_1_10' title="bbox 0 0 1610 5446">
     <span class='ocr_line' id='line_1_31' title="bbox 0 0 1610 5446; baseline 0 0"><span class='ocrx_word' id='word_1_175' title='bbox 0 0 1610 5446; x_wconf 95' lang='lat' dir='ltr'> </span> 
     </span>
    </p>
   </div>
  </div>
 </body>
</html>
