3202 5446
495 503 614 550 INDEX
635 502 975 552 Psorosrriortuoru

134 687 347 737 ertonnxvt
367 687 615 736 runouxxvr.
666 651 703 690 '¹‘

87 777 111 825 si
122 791 218 836 corpora
233 775 276 822 tria
292 789 392 837 quorum
408 774 468 821 vires
478 773 613 822 droemcunt
623 773 649 820 in

117 839 235 900 duplicati
245 841 333 886 radone
344 839 512 894 distantiarum,
528 853 552 884 se
563 836 648 886 mutuo

116 908 224 962 trahant,
241 915 266 951 at
275 904 424 952 attractiones
435 902 604 950 acceleratricea
613 902 648 950 bi-

116 983 200 1016 norum
208 982 404 1031 quommcuoque
414 967 440 1014 in
450 966 543 1014 tertium
555 966 602 1014 sint
612 966 648 1012 in-

116 1043 150 1080 ·er
157 1031 308 1093 sereciprocd
317 1041 344 1079 ut
351 1029 463 1094 quadrata
470 1029 646 1078 dismntiarum·

114 1098 206 1145 minora
221 1107 300 1144 autem
310 1096 373 1143 circa
383 1095 511 1142 marimum
527 1095 647 1142 revolvan-

114 1171 165 1209 tur:
184 1161 238 1209 dico
247 1161 311 1224 quod
321 1160 419 1207 interius
428 1159 489 1207 eirca
504 1159 614 1206 intimum
624 1169 648 1208 et

114 1226 252 1281 maximum,
263 1223 333 1272 radiis
341 1224 370 1271 nd
381 1224 459 1285 ipsum
466 1223 550 1278 ductis,
562 1223 648 1271 deacri-

114 1293 221 1338 betareas
227 1288 370 1350 temporibus
376 1289 452 1351 magis
457 1288 645 1350 proportionales,

114 1366 138 1400 et
146 1354 244 1418 figuram
251 1353 281 1401 ad
288 1354 387 1400 sormam
394 1353 501 1414 ellipseos
508 1352 647 1399 umbilicum

113 1419 138 1464 in
150 1434 265 1466 concursu
276 1417 394 1465 radiorum
409 1417 514 1464 habentis
524 1419 598 1480 magis
608 1433 646 1465 ac-

112 1483 242 1539 cedentem,
254 1483 273 1529 si
284 1497 368 1542 corpus
375 1482 504 1529 marimum
516 1481 553 1527 bis
562 1490 645 1529 attrac-

112 1547 216 1595 tiouibus
221 1547 329 1609 agitetur,
336 1545 409 1608 quim
420 1546 439 1593 si
450 1548 579 1593 maximum
586 1545 646 1594 illud

112 1611 148 1657 vel
159 1629 173 1660 a
184 1612 314 1659 minoribus
330 1626 377 1658 nou
393 1621 517 1658 attractum
535 1611 645 1672 quiescat,

112 1676 148 1722 rel
169 1675 246 1723 multri
264 1673 345 1722 mlurls
363 1675 400 1722 vel
416 1672 494 1722 multd
514 1675 590 1737 magis
610 1686 646 1721 at·

111 1750 226 1798 tractum,
247 1752 290 1787 aut
311 1737 386 1787 multd
408 1737 488 1786 minius
509 1750 551 1786 aut
570 1735 645 1786 multd

110 1805 186 1867 magis
201 1804 302 1868 agitetur
301 1836 641 1853 ................................
659 1808 707 1851 324

113 1911 217 1960 Pitor.
229 1910 341 1959 LXVII.
362 1911 501 1959 THEOR.
514 1910 629 1958 XXVII.

82 1996 167 2043 Positis
188 1995 269 2042 iisdem
287 1995 451 2042 attractionum
469 1993 568 2057 legibus,
591 1993 645 2042 dico

109 2060 173 2122 qnod
183 2075 268 2120 corpus
279 2059 380 2108 exterius
392 2060 415 2114 S,
433 2059 494 2106 circa
507 2058 645 2105 interiorum

112 2125 134 2172 P
149 2125 180 2182 T,
202 2139 328 2172 commune
346 2124 465 2187 gravitatis
481 2133 589 2169 centrum
611 2122 644 2180 0,

109 2189 180 2237 radiis
190 2188 220 2235 ad
236 2198 342 2236 centrum
359 2187 418 2235 iliud
434 2186 517 2244 ductis,
536 2186 644 2233 describit

109 2269 173 2301 areas
183 2253 326 2313 temporibus
336 2252 412 2315 magis
422 2250 605 2312 proportionales
620 2261 644 2299 et

108 2321 188 2366 orbem
199 2317 229 2364 ad
240 2317 340 2364 formam
350 2315 457 2376 ellipseos
469 2313 606 2364 umbilicum
618 2315 644 2362 in

109 2393 189 2430 centro
197 2382 280 2429 eodem
289 2382 394 2429 habentis
403 2380 477 2444 magis
485 2381 642 2436 accedentem,

108 2444 180 2508 quim
190 2447 251 2494 circa
261 2461 345 2506 corpus
356 2446 466 2493 intimum
478 2455 502 2491 et
513 2444 643 2490 mariarum

110 2511 140 2566 T,
162 2511 232 2558 radiis
252 2510 282 2557 ad
304 2513 382 2571 ipsum
403 2509 487 2566 ductis,
515 2509 644 2555 describere

108 2585 188 2635 potest
194 2605 639 2623 ..........................................
658 2573 706 2620 852

78 2684 184 2733 PROP.
198 2684 330 2733 LXVIII.
353 2681 489 2731 Tirsos.
504 2679 641 2728 XXVIII.

79 2770 165 2818 Positis
185 2768 267 2816 iisdem
285 2768 450 2816 atuactiouum
468 2766 567 2829 legibus,
589 2763 643 2811 dico

107 2833 171 2895 quod
181 2849 265 2894 eorpus
275 2832 412 2886 euteriusS,
429 2832 490 2879 circa
505 2829 643 2876 interiorum

110 2899 166 2945 Pet
178 2899 206 2951 T,
218 2912 344 2944 commune
354 2895 473 2958 gravitatis
482 2906 589 2941 centrum
607 2895 640 2948 0,

107 2962 179 3009 radiis
188 2963 218 3008 ad
228 2971 335 3008 centrum
354 2959 414 3006 iilud
431 2958 515 3014 ductis,
534 2957 642 3006 describit

107 3021 642 3147 ...fflfflffit‘ttiti

106 3166 187 3202 centro
198 3154 279 3201 codem
288 3152 394 3200 habentis
401 3151 478 3214 magis
485 3149 641 3208 accedentem,

106 3222 125 3266 si
137 3234 221 3279 corpus
237 3219 348 3264 intimum
365 3227 389 3263 et
405 3216 534 3262 marimum
554 3214 590 3261 liis
606 3225 642 3263 at·

106 3285 256 3332 tractionibus
263 3281 358 3343 perinde
366 3290 436 3341 atque
444 3289 527 3327 cetera
532 3280 641 3342 agitettm

63 3359 67 3366 ’
105 3349 177 3411 quim
185 3349 204 3394 si
213 3348 238 3394 id
246 3348 281 3394 rei
293 3361 340 3392 non
351 3355 476 3392 attractum
487 3344 596 3407 quiescat,
605 3344 642 3392 rel

105 3412 182 3462 muitd
194 3413 268 3475 magis
283 3421 325 3457 aut
339 3408 415 3457 multd
427 3407 508 3456 minda
518 3419 642 3457 attractum

106 3489 147 3526 aut
154 3476 308 3540 multomagis
314 3472 438 3523 autmultd
444 3472 525 3521 miuus
533 3475 642 3536 agitetur.
656 3478 705 3523 35³

119 3587 222 3636 PROP.
234 3585 332 3634 LXIX.
352 3582 490 3632 THEOR.
502 3581 607 3629 XXIX.

76 3674 106 3721 ln
117 3680 240 3733 systemate
255 3685 379 3731 corporum
395 3670 500 3729 plurium
519 3668 551 3722 A,
565 3667 596 3724 B,
611 3666 641 3724 C,

108 3738 140 3791 D,
152 3738 194 3783 dcc.
231 3736 255 3782 si
272 3751 356 3795 corpus
371 3732 468 3795 aliquod
480 3733 502 3778 A
515 3731 585 3779 trahit
596 3746 641 3778 cn.

104 3813 154 3848 tera
164 3801 244 3847 omnia
256 3801 285 3857 B,
300 3801 328 3856 C,
344 3801 376 3855 D,
388 3800 432 3846 ce.
449 3797 538 3844 viribus
552 3795 641 3842 accele-

105 3865 287 3926 radicibusque
297 3874 353 3911 sunt
364 3859 480 3923 reciproce
492 3871 519 3908 ut
529 3860 642 3922 quadrsta

105 3930 266 3976 distantiarum
281 3944 295 3975 a
310 3930 422 3982 trahente,
440 3937 465 3973 et
481 3939 566 3985 corpus
575 3923 641 3971 aliud

107 3995 128 4040 B
141 3993 211 4040 trabit
221 3994 291 4039 etiarn
303 4003 385 4040 cetera
395 3993 427 4047 A,
442 3992 470 4044 C,
485 3990 517 4042 D.
530 3991 572 4036 dcc.
586 3989 640 4035 viri·

104 4061 148 4104 bus
163 4072 217 4120 quae
233 4067 289 4103 suut
305 4055 421 4118 reciproce
431 4066 459 4102 ut
469 4053 583 4116 quadrata
593 4052 640 4099 dis·

103 4123 230 4169 tantiarum
252 4137 267 4168 a
288 4123 409 4184 trahente-3
436 4128 507 4166 eruut
528 4117 640 4164 absolutas

103 4201 228 4248 corporum
246 4189 389 4233 trahentium
408 4186 440 4240 A,
455 4184 476 4231 B
494 4181 593 4228 riresad
604 4183 641 4228 iu·

104 4253 185 4307 vicem,
193 4261 221 4297 ut
228 4262 284 4298 sunt
292 4252 342 4310 ipsa
349 4264 446 4310 corpora
456 4250 487 4304 A,
499 4246 530 4302 B,
539 4260 640 4308 quorum

103 4326 158 4363 sunt
168 4318 232 4361 eirea
234 4342 639 4363 ......................................
656 4313 703 4358 354

137 4402 210 4450 I’RO
216 4403 243 4450 I‘.
255 4401 343 4450 LXX.
362 4399 502 4450 Timon.
514 4397 599 4445 XXX.

73 4490 97 4537 si
109 4487 139 4535 ad
155 4489 273 4549 spherica
289 4483 420 4548 superficiei
437 4492 526 4543 puncta
544 4480 639 4543 singula

102 4553 201 4601 tendant
216 4554 277 4600 vires
292 4550 393 4613 equales
408 4549 543 4608 centripetoe
559 4545 637 4592 decre·

102 4628 192 4665 scentes
202 4618 227 4664 in
237 4614 356 4676 duplicati
370 4613 459 4662 ratione
475 4610 639 4659 distantiarum

101 4672 639 4806 assidemus...

1307 519 1365 578 745

792 689 1298 741 euor.1.xx1.rrreoraxxxr..
1323 655 1362 696 '⁸⁹

741 778 829 826 Iisdem
845 778 932 840 positis,
951 777 1006 824 dico
1015 775 1079 840 quod
1090 777 1256 837 mrpuscrtlum
1267 793 1308 827 er.

770 854 806 891 tra
824 843 960 903 sphericam
982 840 1130 902 mpsrfleiem
1152 842 1307 890 constitutum

771 909 897 954 attrahitur
911 906 943 953 ad
959 917 1066 953 matrim
1084 906 1194 966 sphera,
1211 906 1234 952 ri
1251 907 1308 955 raci-

772 969 1310 1084 mc“couc-n
1324 998 1371 1085 ...

770 1158 877 1207 I’IlOP.
890 1156 1005 1205 LXXII.
1022 1157 1160 1206 THEOB.
1172 1155 1294 1206 XXXII.

739 1245 765 1293 Si
775 1237 913 1304 adspirare
924 1243 1026 1306 cujusvis
1041 1253 1130 1304 puncta
1145 1244 1240 1306 singula
1255 1255 1306 1292 ten·

767 1307 826 1355 dant
836 1311 896 1355 vires
906 1307 1007 1370 tequsles
1023 1309 1156 1368 centripetre
1172 1308 1305 1357 decrescen-

767 1383 802 1420 tea
818 1374 844 1418 in
861 1371 982 1432 duplicati
1000 1371 1089 1419 ratione
1108 1372 1272 1420 distantiarum
1289 1389 1305 1420 a

767 1436 876 1496 punctis,
893 1451 920 1484 ac
930 1437 1000 1483 detur
1015 1434 1067 1483 ttlm
1084 1437 1180 1496 spbaerae
1195 1436 1304 1493 densiter,

767 1500 820 1548 tdm
831 1501 891 1547 ratio
902 1499 1009 1548 diametri
1020 1502 1117 1562 spherae
1127 1500 1158 1547 ad
1168 1500 1303 1548 distantiam

767 1564 899 1625 corpusculi
909 1580 924 1610 a
935 1573 1015 1611 centm
1032 1564 1096 1627 ejus:
1119 1564 1172 1611 dico
1190 1562 1255 1626 quod
1268 1565 1305 1612 sis

766 1632 813 1692 quai
824 1627 990 1690 corpusculum
1001 1627 1132 1683 attrahitur,
1144 1629 1305 1690 proportiona-

767 1693 796 1741 lis
806 1692 851 1740 erit
861 1691 1044 1740 semi-diametro
1059 1694 1161 1753 sphere.
1165 1724 1301 1741 .............
1313 1699 1368 1743 ’860

752 1810 858 1859 Prtor.
872 1809 1004 1859 LXXIII.
1025 1808 1162 1858 TIIEOR.
1172 1810 1306 1859 XXXIII.

736 1899 761 1948 Si
772 1900 802 1947 ad
813 1902 909 1963 sphaeras
919 1899 1019 1963 alicujus
1029 1899 1089 1947 datm
1105 1909 1194 1961 puncta
1210 1899 1305 1963 singule

766 1965 863 2013 tendant
879 1964 980 2028 tequsles
998 1963 1058 2011 vires
1073 1963 1208 2024 centripetoe
1224 1964 1303 2013 decre-

766 2041 855 2076 scentes
865 2029 890 2075 in
901 2027 1020 2089 duplicati
1035 2028 1124 2075 ratione
1140 2028 1303 2076 distantiarum

765 2109 780 2139 a
790 2094 897 2153 punctis:
920 2094 972 2140 dico
987 2093 1050 2154 quod
1067 2093 1232 2152 corpusculum
1243 2094 1305 2140 iutra

766 2160 878 2218 spheram
897 2158 1049 2204 coustitutum
1067 2157 1192 2203 attrahitur
1208 2157 1231 2203 vi
1251 2173 1293 2218 pro

765 2221 887 2282 portionali
898 2218 1014 2269 distintioe
1025 2235 1074 2267 sua
1085 2219 1115 2268 ab
1125 2218 1198 2282 ipsius
1208 2233 1296 2269 centro.
1314 2227 1362 2272 361

751 2342 854 2390 PROP.
868 2341 995 2390 LXXIV.
1018 2340 1158 2390 Timon.
1170 2341 1294 2389 XXXIV

735 2429 822 2476 Iisdem
834 2429 920 2488 positis,
930 2429 983 2477 dico
990 2428 1054 2491 quod
1062 2428 1229 2488 corpusculum
1237 2439 1304 2476 extra

765 2495 878 2552 spheram
895 2493 1049 2540 constitutum
1067 2494 1191 2540 attrahitur
1201 2493 1223 2539 vi
1240 2493 1303 2540 reci-

764 2556 834 2616 proce
841 2557 1007 2617 proportionali
1013 2556 1301 2619 quadratodistautiamre

764 2624 794 2667 ab
804 2622 973 2681 ipsiuscentro.
978 2653 1296 2671 ..............................
1307 2622 1364 2672 ibid.

766 2728 871 2776 PROP.
883 2728 995 2776 LXXV.
1017 2727 1156 2775 THEOR.
1169 2727 1279 2775 XXXV.

733 2811 758 2860 si
769 2813 799 2859 ad
810 2815 905 2874 sphoerae
916 2812 976 2860 data
987 2820 1074 2873 puncta
1090 2811 1184 2873 singula
1200 2812 1300 2860 tendant

764 2879 822 2923 vires
833 2876 934 2938 aequales
944 2874 1085 2935 centripetre,
1101 2875 1258 2922 decrescentes
1274 2876 1300 2923 in

764 2941 884 3001 duplicati
894 2941 983 2987 ratione
999 2937 1162 2986 distantiarum
1173 2954 1187 2985 a
1197 2939 1299 2999 punctis,

763 3008 817 3052 dico
827 3003 892 3068 quod
902 3006 992 3066 spirare
1002 3002 1145 3065 qumvisalis
1156 3002 1263 3050 umiiaris
1270 3005 1301 3051 ab

763 3069 845 3117 eadem
856 3069 979 3117 attrahitur
995 3068 1017 3114 vi
1034 3067 1150 3127 reciproce
1168 3066 1300 3128 proportio·

763 3135 812 3182 nali
822 3135 934 3197 quadrato
944 3131 1060 3180 distantiis
1071 3141 1299 3182 centrorum.....,...
1314 3137 1364 3184 362

751 3238 856 3287 PROP.
867 3237 992 3286 LXXVI.
1011 3235 1148 3284 THEOR.
1161 3236 1289 3285 XXXVI.

734 3326 759 3375 Si
770 3328 866 3387 sphterre
877 3326 901 3372 in
913 3339 1035 3389 progressu
1047 3340 1061 3370 a
1071 3335 1152 3371 centro
1162 3324 1192 3371 ad
1200 3324 1301 3372 circum·

762 3390 886 3437 ferentiam
898 3387 987 3453 (quoad
1004 3388 1105 3439 matoria
1121 3389 1259 3436 densitatem
1275 3401 1300 3436 et

764 3457 811 3500 rim
828 3453 982 3513 attractiram)
1003 3462 1124 3515 utcunque
1141 3453 1298 3511 dissimilares,

763 3520 787 3564 in
800 3534 923 3581 progressu
933 3517 986 3564 vcrd
997 3533 1038 3578 per
1044 3518 1168 3564 circuitum
1179 3518 1209 3563 ad
1220 3517 1300 3564 datam

763 3599 858 3630 omnem
869 3599 884 3629 a
894 3592 974 3629 centro
984 3581 1118 3628 distantiam
1129 3591 1183 3628 sunt
1194 3580 1300 3642 undique

763 3648 890 3704 similurea;
910 3656 934 3694 et
950 3646 984 3692 vis
999 3646 1118 3693 attractiva
1128 3644 1209 3705 puncti
1220 3645 1299 3709 cujus-

762 3727 808 3774 que
829 3710 940 3759 decrescit
960 3710 985 3756 iu
1007 3710 1126 3772 duplicati
1144 3710 1233 3755 ratione
1250 3709 1298 3756 dis-

762 3778 841 3822 tantia
849 3775 1059 3837 oorporissttractiz
1070 3773 1122 3821 dico
1130 3772 1234 3835 quodvIs
1242 3783 1299 3831 tota,

763 3840 812 3903 qui
821 3840 957 3902 hujusmodi
968 3841 1059 3901 sphera
1069 3838 1218 3885 nuaattrahit
1228 3837 1297 3884 adam

763 3905 793 3952 sit
804 3902 922 3966 reciproci
938 3901 1116 3966 proportionalis
1126 3900 1239 3963 quadrato
1250 3901 1297 3948 dis-

762 3969 841 4017 tantias
852 3978 994 4016 centrorum.
997 3998 1295 4016 ............................
1312 3971 1360 4016 364

733 4099 838 4148 Prior.
848 4097 991 4146 LXXVII.
1006 4095 1146 4145 THEOR.
1157 4095 1301 4144 XXXVII.

732 4187 757 4234 Si
774 4187 804 4234 ad
820 4187 915 4250 singula
931 4188 1075 4248 spbararum
1092 4194 1180 4244 puncta
1201 4182 1298 4232 tendant

762 4253 821 4298 vires
831 4252 965 4313 centripette
984 4248 1167 4311 proporu‘onales
1182 4248 1298 4296 daunais

761 4326 904 4378 punctorum
923 4332 938 4363 a
954 4315 1089 4375 corporibus
1106 4313 1220 4360 mtractisz
1244 4313 1298 4360 dico

761 4382 825 4443 qudd
837 4381 871 4427 vis
881 4381 1017 4440 composita,
1033 4376 1082 4440 qui
1096 4376 1257 4439 spuendo·
1272 4393 1298 4426 aa

762 4445 847 4492 mutuo
874 4446 973 4498 trahent,
1002 4456 1038 4490 est
1060 4452 1087 4489 ut
1108 4442 1217 4488 dictanda
1237 4441 1298 4490 inter

761 4522 840 4556 centra
855 4511 998 4570 sphaerarum
1000 4538 1296 4555 ............................
1312 4511 1360 4556 ³60

734 4639 1002 4689 PRORLXXVIII.
1014 4635 1315 4687 Tusouxxxvnl.

732 4727 756 4776 Si
768 4729 863 4787 spbaerae
875 4727 900 4772 in
911 4741 1034 4790 progressu
1045 4734 1146 4773 acentrc
1157 4723 1187 4770 ad
1197 4723 1299 4770 circum·

105 4813 129 4858 io
140 4823 228 4874 mrtem
239 4810 361 4860 amabitm
362 4837 637 4856 ..........................
656 4805 703 4850 357
762 4792 886 4840 suentium
904 4791 950 4838 siut
969 4801 1090 4853 utcunque
1111 4786 1259 4835 cromdo-
1273 4797 1298 4834 ot
