3188 5444
53 4452 56 4459 ·
156 4388 822 4480 a=at><ri,a>,<a=ul><rt·a

156 446 231 517 126'
429 447 770 516 PHILOSOPHIAE
792 450 1064 519 NATURALIS
1145 452 1254 535 [Mor.
1273 454 1433 527 Coacon.

150 626 268 689 ratione
282 623 427 708 temporis
442 625 600 708 periodici.
631 626 773 711 Namque
787 633 858 690 areo
876 638 941 691 tota
955 640 1047 693 estut
1061 650 1133 693 area
1144 629 1177 706 Q
1189 630 1221 694 T
1232 647 1258 698 Χ
1270 631 1294 696 S
1307 630 1344 710 P,
1360 654 1434 718 quar

151 731 226 795 dato
240 744 379 816 tempore
394 729 587 808 describitur,
610 731 703 796 ducta
716 734 749 796 in
774 747 894 818 tempus
916 734 1115 819 periodicum.

406 925 683 991 PROPOSITIO
708 927 782 990 XV.
826 925 1094 993 THEOREMA
1116 927 1192 991 VII.

152 1055 258 1118 lisdem
266 1054 383 1135 positis,
406 1054 471 1114 dico
492 1055 569 1134 quod
588 1061 718 1134 tempora
727 1052 881 1133 periodica
897 1054 929 1114 in
954 1053 1100 1134 ellipsilus
1114 1062 1180 1115 sunt
1195 1053 1228 1115 ia
1241 1054 1360 1117 ratione
1372 1074 1429 1119 see·

570 1157 732 1240 quiplicatd
748 1157 887 1240 majorum
901 1160 1009 1221 auium.

195 1284 233 1370 (Β)
257 1283 400 1368 Namque
410 1283 476 1346 axis
490 1281 592 1345 minor
601 1295 648 1346 est
662 1281 779 1344 medius
789 1282 1027 1365 proportionalis
1042 1282 1122 1346 inter
1133 1305 1224 1346 axem
1238 1285 1428 1368 majoremet

151 1391 230 1455 latus
245 1401 372 1466 rectum,
391 1400 482 1473 atque
496 1387 567 1451 ideo
581 1387 793 1474 rectangulum
808 1387 864 1450 sub
879 1387 988 1452 axibus
1011 1389 1104 1452 estin
1118 1389 1238 1452 ratione
1259 1389 1427 1473 composita

152 1521 192 1561 ex
206 1494 417 1580 subduplicati
443 1495 561 1557 ratione
585 1494 687 1557 lateris
703 1495 778 1557 recti
793 1507 824 1557 et
843 1493 1057 1581 sesquiplicatlr
1072 1494 1191 1558 ratione
1205 1495 1272 1558 axis
1288 1496 1425 1580 majoris.

155 1602 218 1668 Sed
231 1602 292 1665 hoc
307 1600 520 1687 rectiangulum
535 1606 608 1685 (per
624 1599 729 1662 Corol.
746 1599 839 1683 Prop.
853 1599 958 1675 XIV.)
974 1611 1020 1662 est
1034 1600 1067 1662 in
1076 1600 1194 1663 ratione
1205 1601 1376 1684 compositi
1387 1624 1426 1666 ex

152 1707 364 1792 subduplicati
379 1707 497 1770 ratione
512 1705 614 1768 lateris
628 1706 703 1769 recti
717 1717 749 1768 et
762 1706 881 1768 ratione
895 1705 1044 1788 periodici
1059 1706 1217 1789 temporis.
1273 1678 1446 1771 Demanrr'

151 1812 314 1898 utrobique
329 1811 541 1895 subduplicata
563 1811 642 1874 ratio
656 1810 759 1874 lateris
779 1811 863 1886 recti,
889 1822 920 1873 et
948 1810 1085 1874 manebit
1108 1812 1324 1896 sesquiplicata
1347 1814 1426 1877 ratio

150 1920 273 2004 majoris
288 1919 354 1983 axis
369 1917 478 1982 eedem
491 1938 563 1979 cum
576 1916 695 1980 ratione
708 1915 857 2000 periodici
871 1917 1027 1999 temporis.
1072 1916 1113 1992 Q.
1128 1939 1156 1980 e.
1177 1916 1208 1980 d.

194 2027 230 2111 (ο)
255 2027 349 2089 Corol.
395 2026 474 2090 Sunt
484 2024 577 2109 igitur
591 2036 731 2107 tempora
750 2021 905 2106 periodica
919 2022 951 2084 in
966 2021 1125 2106 elbpsibus
1139 2022 1246 2087 eodem
1269 2046 1306 2087 ac
1320 2024 1354 2088 in
1367 2025 1425 2090 cii·-

151 2131 238 2208 culis,
254 2152 386 2216 quorum
400 2129 542 2192 diametri
557 2141 718 2214 aequantur
733 2127 899 2213 majoribus
914 2127 1022 2191 axibus
1036 2128 1194 2213 ellipseon.

374 2311 654 2378 PROPOSITIO
681 2311 774 2376 XVI.
819 2309 1089 2375 THEOREMA
1118 2311 1211 2374 VIII.

150 2440 257 2503 lisdem
266 2441 383 2521 positis,
412 2441 525 2501 electis
545 2439 588 2501 ad
606 2458 729 2518 corpora
743 2438 830 2499 lineis
850 2436 947 2513 rectis,
969 2457 1034 2520 quae
1048 2414 1152 2500 ibidem
1166 2446 1292 2521 tangant
1306 2437 1424 2513 orbitus,

192 2546 375 2628 demissisque
388 2544 426 2607 al>
439 2544 572 2606 umbilico
587 2544 726 2605 communi
750 2545 793 2604 ad
806 2544 859 2606 lras
874 2551 1023 2625 tangentes
1030 2531 1347 2624 'perpendimlaribuss
1362 2545 1426 2607 dico

192 2657 268 2738 quod
278 2654 442 2716 velocitates
451 2671 600 2732 corporum
612 2658 679 2711 sunt
688 2651 721 2710 iu
731 2649 846 2710 ratione
860 2646 1016 2729 compositd
1032 2669 1068 2709 ee
1081 2648 1198 2710 ratione
1202 2648 1425 2731 perpendiculo·

191 2783 254 2824 mm
268 2755 388 2833 inversi,
404 2768 432 2821 et
446 2754 648 2839 aidduplicatd
662 2757 777 2817 ratione
791 2755 913 2817 luterum
927 2763 1067 2816 rectorum
1075 2754 1290 2835 principalium
1305 2752 1423 2822 directi.

188 2905 241 2970 Ab
276 2901 422 2967 umbilico
459 2898 482 2964 S
518 2897 558 2960 ad
593 2904 770 2982 tangentem

146 3016 219 3080 PR
234 3013 361 3076 demitte
374 3004 631 3095 perpendiculum
648 3001 722 3078 SY,
738 3011 769 3064 et

149 3122 293 3187 velocitas
319 3118 456 3201 corporis
480 3116 507 3179 P
536 3117 594 3177 erit
614 3121 771 3196 reciproce

149 3229 182 3292 in
211 3222 423 3309 subduplicatii
453 3220 572 3283 ratione
593 3218 769 3303 quantitatis

150 3331 254 3497 Ψ.
299 3392 380 3455 Nam
391 3387 534 3453 velocitas
548 3387 657 3451 illaest
670 3400 706 3451 ut
719 3409 767 3449 ar·

149 3561 204 3602 cus
230 3557 321 3622 quam
349 3533 494 3596 minimus
521 3531 548 3594 P
577 3530 609 3606 Q
634 3531 667 3593 in
695 3528 766 3592 dati

150 3637 451 3729 temporispurticuli
461 3637 641 3720 descriptus,
652 3635 711 3698 hoc
720 3647 767 3698 est

152 3757 221 3837 (per
236 3748 326 3814 Lem.
340 3744 428 3823 VII.)
445 3755 479 3806 ut
493 3756 622 3828 tangens
635 3742 673 3825 (ἀ)
684 3743 711 3806 Ρ
724 3742 764 3817 R,

151 3857 182 3921 id
212 3867 266 3931 est,
289 3851 330 3915 ob
357 3848 601 3933 proportionales
623 3849 650 3912 P
682 3849 712 3911 R
728 3847 767 3910 ad

154 4015 501 4100 QTetSPadSY‚
525 3953 768 4120 υι-ὃΡΒὲ-ᾅῖ,

186 4205 219 4269 (¹)
237 4209 290 4252 271.
308 4197 505 4258 sttssllipaisaris
514 4200 588 4261 major
601 4200 631 4255 A,
648 4200 724 4246 minor
742 4201 772 4255 B,
837 4196 871 4272 ς)
889 4201 942 4244 272
966 4193 1081 4268 Circulua¹
1094 4202 1128 4239 est
1150 4192 1236 4253 species
1257 4192 1345 4253 ellipsis
1365 4195 1434 4258 cujus

155 4271 228 4319 Latus
248 4274 338 4314 rectum
357 4264 387 4319 L,
408 4270 500 4321 tempus
523 4262 665 4322 poriodicum
687 4264 723 4321 T;
751 4272 775 4310 et
806 4256 1175 4307 iocucumcentrooomcrduntet
1187 4256 1260 4303 Lotus
1273 4267 1433 4307 rectumcum

153 4331 263 4397 quoniam
276 4331 317 4377 A:
333 4326 446 4376 13:13:
462 4325 491 4383 L,
509 4327 551 4373 erit
572 4327 657 4373 B⁸=
671 4328 692 4373 Α
707 4334 731 4384 χ
744 4327 774 4379 L.
806 4324 937 4378 dinnetm
955 4321 1107 4396 sedtempors
1124 4320 1240 4380 periodica
1256 4320 1281 4366 in
1301 4320 1435 4383 Ellipsssm

322 4489 331 4533 ,
474 4486 495 4532 Β
618 4494 653 4532 „2
805 4383 1435 4513 „irretimini

497 4519 504 4539 r
670 4486 731 4532 ΜΤ
931 4513 937 4525 ·
1105 4511 1111 4521 ·
1162 4511 1168 4522 ·
1196 4511 1201 4521 ·
1246 4509 1252 4521 .
1282 4511 1288 4522 .

154 4491 373 4647 ’5Ἥῖ
382 4488 410 4629 l
418 4491 486 4628 ia
504 4486 602 4638 „tt
615 4580 636 4626 r
651 4491 773 4627 aaz
805 4510 1308 4639 teutmuamffibu
1326 4522 1435 4574 m„

1042 4591 1058 4620 Γ·

155 4678 361 4740 immunemque
369 4679 493 4726 tornutium
504 4692 545 4738 per
554 4644 594 4723 Ι)
607 4674 677 4724 eritA
687 4660 703 4739 ᾗ
712 4685 739 4722 ut
746 4674 775 4722 T.
838 4641 871 4705 (α)
888 4644 902 4670 ⁰
917 4639 1032 4687 V⁰¹⁰⁰i¹⁸⁸
1042 4647 1076 4685 ⁶²
1086 4647 1218 4701 ”Imm
1230 4638 1252 4685 P
1260 4638 1291 4695 R,
1299 4637 1341 4686 Μ
1351 4641 1383 4688 ⁰¹³
1391 4656 1435 4689 ὓ·
