3188 5444
265 526 327 589 654
468 611 472 620 Ι
578 512 923 582 PHILOSOPHIAE
946 511 1229 582 NATUnAms
1279 514 1551 598 [usoncoam

250 716 309 759 nec
324 702 418 778 auget
431 710 492 754 nec
506 689 627 752 minuit.
675 685 769 752 certe
784 687 867 752 actio
879 686 980 764 fluidi,
1003 709 1076 774 quse
1090 686 1131 752 ab
1145 690 1213 776 ejus
1236 689 1489 773 compressione
1501 691 1558 756 ei

250 817 312 882 tur,
338 802 449 866 fortior
470 821 617 865 essenon
632 809 735 883 potest
750 798 782 860 in
797 809 903 883 partes
924 797 1061 882 posticas
1082 798 1225 882 corporis
1240 797 1326 862 moti
1341 798 1443 884 quim
1456 799 1488 862 iu
1500 801 1556 884 eju

249 923 355 996 portes
378 909 507 986 anticas,
535 907 669 993 idetque
692 905 900 987 resistentiam
914 905 948 969 in
962 905 1023 970 hac
1040 905 1266 991 Propositione
1290 906 1490 993 descriptam
1507 909 1556 974 nri·

250 1038 348 1081 nuere
363 1037 428 1078 non
443 1026 564 1099 potest:
588 1025 620 1076 ct
634 1012 746 1076 sortior
760 1033 826 1074 non
840 1011 901 1076 erit
914 1011 948 1075 in
962 1024 1069 1097 partes
1090 1013 1210 1077 euticus
1234 1012 1339 1099 quim
1364 1015 1401 1076 in
1424 1015 1553 1100 posticas,

250 1125 278 1188 si
292 1122 389 1186 modo
403 1120 589 1207 propagatio
605 1121 671 1205 ejus
694 1117 815 1184 infiniti
829 1118 969 1183 velocior
983 1120 1024 1184 sit
1038 1118 1132 1206 quim
1153 1134 1264 1185 motus
1288 1125 1442 1207 corporis
1461 1124 1554 1208 pressi.

252 1229 382 1297 Infinite
397 1243 500 1293 sutem
516 1227 653 1292 velocior
668 1227 728 1292 erit
742 1239 773 1291 et
783 1226 1009 1315 propagabitur
1023 1228 1057 1290 in
1071 1229 1209 1309 instanti,
1228 1230 1257 1293 si
1268 1229 1376 1293 modo
1391 1231 1554 1296 fluidumsit

251 1338 437 1402 continuum
451 1348 484 1400 et
497 1356 562 1398 non
577 1334 750 1399 clasticum.

296 1442 334 1527 (ἱ)
354 1445 453 1507 Corol.
474 1449 502 1506 1.
536 1441 771 1527 Cylindrorum,
799 1440 854 1526 qui
875 1439 1049 1505 secuudum
1069 1440 1293 1527 longitudines
1319 1466 1400 1508 suas
1413 1445 1442 1507 in
1453 1444 1551 1509 mediis

251 1552 409 1618 continuis
434 1549 565 1614 infinitis
588 1549 785 1615 uniformiter
804 1548 1060 1637 progrediuntur,
1086 1549 1278 1614 resistentiae
1302 1565 1387 1616 sunt
1403 1553 1551 1616 inrstione

251 1683 322 1747 quoe
337 1658 536 1743 componitur
550 1680 591 1721 ex
602 1656 760 1742 duplicati
776 1657 897 1721 ratione
911 1656 1112 1721 velocitatum
1126 1669 1159 1722 et
1172 1656 1347 1742 duplicati
1364 1662 1482 1725 ratione
1493 1660 1549 1725 dis·

249 1781 424 1834 metrorum
438 1779 470 1832 et
484 1767 604 1832 ratione
620 1766 781 1832 densitatis
796 1765 982 1830 mediorum.

295 1876 328 1962 (¹)
347 1878 447 1942 Corol.
464 1884 495 1940 2.
520 1877 554 1941 si
570 1874 745 1960 amplitudo
760 1873 876 1939 canalis
892 1895 957 1937 uon
972 1884 1124 1961 augentur
1138 1873 1171 1936 in
1186 1874 1373 1954 infinitum,
1398 1876 1454 1940 sed
1466 1876 1548 1965 cylin-

251 1983 329 2048 drus
343 1983 377 2046 in
392 1982 497 2047 medio
520 1983 698 2068 quiescente
720 1981 842 2046 incluso
863 1981 1035 2046 secundum
1059 1979 1296 2067 longitudinem
1322 2005 1417 2047 suoru
1438 2006 1548 2071 progre-

285 2155 321 2234 (ἴ)
334 2159 407 2207 Corol.
425 2162 446 2204 1.
473 2156 512 2204 Sic
527 2155 705 2203 demonstratur.
744 2153 886 2203 Resisteutia
916 2168 969 2202 carn
985 2153 1060 2214 ipsum
1077 2152 1234 2210 velocitatem,
1255 2164 1280 2201 et
1298 2154 1402 2215 pondus
1416 2155 1548 2218 cyliani«

251 2220 351 2283 cylindri
362 2222 476 2284 cujusque
486 2229 522 2268 est
533 2219 620 2268 directi
631 2231 658 2267 ut
669 2219 771 2267 densitas
782 2218 886 2266 rnediiet
917 2219 968 2279 ipsa
978 2219 1078 2280 gravitas
1094 2233 1136 2278 per
1151 2233 1255 2264 masam
1272 2219 1383 2278 cylinchi
1401 2221 1545 2282 mnldpb,

251 2286 286 2332 vis
296 2285 420 2332 uniformis
430 2284 478 2347 qud
488 2293 553 2332 totus
563 2284 662 2346 cylindri
673 2293 759 2338 motus,
770 2298 817 2346 quo
825 2293 885 2330 tem-
917 2297 974 2345 ergo
984 2281 1077 2342 pondus
1087 2281 1194 2343 cylindri,
1213 2293 1250 2330 est
1261 2282 1299 2328 ris
1311 2299 1370 2346 que
1380 2284 1439 2332 dun
1449 2285 1546 2345 pmii.

251 2365 308 2410 porc
318 2349 477 2412 quadruplum
488 2348 644 2411 longitudinis
660 2364 709 2395 sun
723 2347 831 2395 detenuit
847 2345 884 2395 rel
915 2356 955 2394 tur
964 2345 1123 2408 quadruplum
1141 2346 1307 2409 longitudinis
1323 2348 1428 2410 cylindri
1443 2348 1546 2397 m

251 2414 357 2476 generari
374 2413 410 2459 rel
426 2413 478 2460 tolli
497 2413 576 2473 possit,
596 2422 620 2459 et
636 2411 725 2459 inverse
741 2423 769 2460 ut
783 2411 885 2459 densitas
916 2411 982 2471 lapsu
994 2425 1035 2471 per
1048 2411 1060 2458 1
1076 2410 1232 2473 Gacryuisitd,
1250 2427 1375 2474 generare
1385 2424 1459 2475 potest
1467 2425 1544 2460 m

251 2476 351 2540 cylindri
365 2480 404 2540 (cx
416 2476 509 2535 deml5
527 2476 568 2523 aed
578 2477 613 2521 vis
624 2476 664 2522 illa
674 2475 798 2524 uniformis
809 2485 844 2523 est
859 2476 884 2522 in
917 2477 968 2539 cjua
978 2475 1075 2536 cylindri
1087 2473 1115 2522 ei
1124 2475 1249 2523 velocitate
1260 2477 1334 2524 moti.

252 2541 344 2589 ratione
359 2539 488 2600 compositi
499 2555 527 2586 ex
538 2540 667 2587 rationibus
677 2539 769 2587 directis
779 2539 884 2615 longitu-
950 2538 1012 2587 Cirm
1024 2538 1079 2586 vero
1088 2539 1194 2586 celeritas
1210 2555 1267 2602 quas
1279 2540 1354 2602 lnpm
1366 2557 1409 2603 per
1421 2542 1434 2590 1
1446 2541 1542 2604 Gap?

252 2604 315 2652 dinis
333 2604 440 2665 cylindri,
462 2603 569 2666 quadrati
587 2603 701 2659 distnetri,
724 2605 844 2652 densitatis
860 2613 885 2652 et
915 2603 1054 2652 ritursitad
1065 2619 1117 2650 eam
1128 2619 1181 2650 curn
1194 2603 1245 2664 quii
1261 2605 1393 2666 cylindrus
1408 2617 1507 2654 maest
1519 2615 1542 2653 11

268 2668 359 2716 uadrati
377 2668 504 2716 velocitatis
520 2679 544 2715 ct
559 2683 588 2715 et
604 2668 693 2716 ratione
710 2669 799 2717 inversi
813 2668 881 2730 spatii
916 2669 939 2716 E
953 2667 1036 2716 F²ad
1050 2668 1072 2715 E
1087 2668 1174 2714 1¹¹²-
1189 2670 1207 2714 l*
1223 2670 1249 2724 Q
1260 2672 1282 2716 ².
1325 2671 1490 2732 Quadruplrn
1500 2671 1542 2716 lu·

251 2683 367 2808 descripti,
392 2749 433 2779 seu
456 2748 485 2779 ex
506 2733 596 2812 ratione
616 2732 706 2781 inversi
727 2733 880 2808 longitudinis
914 2733 1027 2796 gitudinis
1039 2732 1137 2793 cylindri
1149 2732 1246 2807 proprii
1256 2731 1307 2780 sui
1314 2735 1541 2810 celuinrealiotn-

250 2797 882 2924 illllililn‘it‘tltittmtttlt‘tjt
914 2795 1542 2926 ill‘di‘liiliim‘c'liffligomss

250 2939 360 2988 cumque,
379 2927 399 2973 si
417 2927 552 2974 conferatur
568 2941 624 2973 curn
643 2925 770 2973 resistentid
788 2927 883 2974 alterius
914 2925 943 2973 ad
961 2941 1012 2972 eam
1035 2926 1081 2971 viru
1098 2925 1147 2988 qui
1165 2925 1270 2986 cylindri
1294 2927 1411 2975 velocitas
1430 2928 1541 2991 ψη

250 2990 359 3052 cylindri,
381 3001 417 3038 est
432 2992 458 3038 iu
474 2991 627 3052 rationeque
638 2992 785 3050 componitur
800 3005 829 3037 er
846 3006 880 3037 ra-
914 3001 1018 3050 tempore
1028 3005 1076 3051 quo
1086 2989 1248 3052 quadruplum
1260 2990 1426 3055 longitudinis
1439 3008 1484 3040 u
1496 3006 1539 3051 μ

250 3054 315 3100 tione
326 3055 447 3102 densitatis
462 3054 540 3110 medii,
561 3065 585 3101 ct
600 3056 690 3101 rstioue
704 3053 822 3116 duplicati
832 3054 880 3102 dia·
913 3054 965 3115 prii
975 3054 1018 3101 suri
1031 3054 1149 3101 celeritate
1165 3054 1321 3112 describitur,
1339 3057 1428 3105 directi
1437 3067 1464 3104 ut
1472 3057 1539 3103 ἀπ’·

251 3119 318 3165 metri
330 3129 354 3164 et
364 3119 482 3179 duplicati
493 3120 581 3166 ratione
592 3118 724 3165 velocitatis.
912 3129 971 3166 tates
986 3135 1039 3181 que
1055 3118 1083 3165 iis
1099 3118 1187 3165 viribus
1203 3120 1369 3181 acquiruntur
1383 3133 1409 3169 et
1424 3120 1506 3168 invare
1518 3130 1540 3166 id

283 3182 314 3242 (¹)
328 3187 339 3209 ⁶
355 3187 427 3231 Corol.
442 3189 464 3230 2.
484 3184 522 3230 Sic
533 3183 711 3229 demonstratur.
735 3189 748 3214 ⁶
759 3183 784 3231 Si
795 3183 881 3231 canalis
911 3192 1015 3244 tempora
1026 3183 1111 3244 quitus
1121 3183 1288 3245 acquiruntur,
1301 3200 1360 3247 que
1371 3190 1538 3247 temporum

250 3246 339 3292 nonsit
350 3247 456 3293 infinitus
467 3259 572 3306 respectu
583 3249 664 3294 baseos
675 3247 774 3308 cylindri
786 3248 878 3304 inclusi,
911 3259 994 3309 agutur
1004 3246 1034 3294 dc
1044 3246 1196 3294 describendo
1208 3248 1367 3296 uniformiter
1382 3249 1464 3296 ecdem
1478 3250 1539 3310 tynis

250 3321 399 3357 resumantur
413 3328 441 3358 en
456 3327 510 3373 quse
532 3313 576 3358 sub
593 3311 687 3358 initium
708 3312 793 3359 Theon
812 3312 879 3359 istius
910 3311 1041 3383 quadruplo
1051 3326 1136 3372 nempe
1147 3311 1311 3374 longitudinis
1321 3314 1436 3375 cylindri)
1451 3315 1538 3360 nub·

251 3374 399 3421 XXXVll.
425 3375 575 3432 dicebantnn
604 3377 678 3435 primo
704 3391 789 3436 nempe
815 3377 879 3438 quod
910 3375 974 3422 resse
985 3386 1012 3422 ut
1024 3375 1162 3430 velocitates,
1179 3375 1286 3438 idedque
1300 3379 1400 3437 pondus
1409 3378 1538 3440 cylindri!

249 3437 388 3486 ascendente
399 3440 491 3486 circello
501 3439 527 3486 in
537 3439 611 3486 canrli
622 3440 709 3497 clauso,
725 3441 832 3487 velocius
843 3456 878 3487 rc·
910 3440 940 3487 ad
951 3440 998 3486 vim
1008 3440 1056 3502 qni
1066 3440 1118 3502 ejus
1128 3439 1231 3501 cylindri
1247 3453 1335 3488 motus
1351 3445 1476 3506 acquiritur
1489 3455 1537 3488 ιι-

249 3501 320 3549 latita
338 3519 405 3565 aquae
421 3519 512 3563 semper
528 3503 557 3550 sit
576 3503 604 3550 sd
624 3504 675 3565 ejus
691 3504 833 3551 velocitatem
851 3515 878 3551 ut
910 3519 967 3564 pore
978 3519 1025 3566 quo
1039 3503 1198 3566 quadruplum
1215 3504 1382 3567 longitudinis
1397 3523 1447 3554 sue
1460 3504 1537 3568 prqfd

248 3566 309 3613 basis
319 3567 406 3614 cerialis
418 3567 441 3614 E
456 3568 475 3614 F
486 3567 516 3613 ad
527 3567 642 3614 annulum
657 3568 678 3615 u
693 3569 770 3615 Psive
785 3569 815 3615 ad
831 3568 877 3614 dis·
909 3568 953 3615 sui
963 3568 1080 3616 celeritate
1096 3567 1237 3615 describitur
1253 3572 1293 3616 bis
1310 3571 1401 3619 clirecte
1412 3582 1439 3619 ut
1448 3572 1537 3618 reah

248 3630 369 3677 serentiam
382 3632 522 3679 circulorum
536 3632 558 3678 E
574 3632 593 3678 F
604 3643 627 3678 ct
641 3632 662 3678 P
675 3633 757 3687 Qsive
768 3643 794 3679 ut
805 3634 826 3679 E
838 3633 876 3679 1²²
909 3633 976 3693 lapsu
988 3648 1028 3692 per
1042 3633 1051 3679 1
1068 3633 1092 3680 G
1103 3631 1226 3694 acquisita,
1238 3633 1270 3680 sd
1284 3635 1432 3682 celeritatem
1444 3633 1534 3696 estant

248 3694 280 3741 ad
297 3695 320 3742 E
335 3695 455 3742 F²-P
474 3697 536 3751 Q²;
554 3706 673 3758 queratur
692 3697 763 3760 igitur
778 3697 878 3744 altitudo
908 3696 956 3744 sive
966 3696 1001 3743 bis
1011 3707 1039 3743 ut
1051 3696 1074 3744 E
1088 3697 1107 3744 F
1119 3699 1138 3752 ²,
1151 3696 1181 3743 ad
1195 3697 1218 3743 E
1235 3697 1281 3745 1²²
1294 3726 1331 3737 —
1344 3701 1365 3748 Ρ
1378 3701 1434 3756 0².

250 3758 263 3805 I
279 3759 299 3806 G
313 3759 365 3806 talis
377 3771 402 3807 ut
413 3760 523 3807 velocitas
534 3759 598 3821 lapsu
611 3776 652 3820 per
662 3776 714 3807 enm
726 3761 836 3822 acquisitu
847 3762 878 3808 sit
942 3761 1008 3822 Ergo
1019 3776 1048 3807 es
1059 3762 1268 3824 equoresistentia
1280 3775 1320 3810 est
1330 3765 1361 3811 ad
1372 3781 1424 3813 esna
1435 3765 1479 3811 rirn
1487 3763 1535 3810 ἀι

248 3822 278 3868 nd
295 3823 439 3871 velocitatem
456 3824 550 3879 circelli,
571 3833 597 3870 ut
616 3825 637 3870 Ε
653 3825 735 3871 F²ad
753 3825 776 3872 E
790 3825 877 3872 1²²-
910 3825 933 3872 E
947 3825 1030 3872 F²ad
1044 3825 1066 3871 Ε
1081 3824 1194 3888 1²²4
1208 3826 1230 3872 P
1244 3826 1533 3882 Q²etuirursr²d

250 3885 272 3933 P
286 3887 336 3941 Q2,
350 3888 401 3934 etsi
415 3888 516 3950 tingatur
525 3888 631 3934 circellns
643 3889 753 3935 immotus
764 3890 787 3935 in
799 3890 877 3936 medio
910 3890 932 3937 E
947 3889 968 3937 F
979 3892 990 3917 ²
1001 3915 1032 3926 -
1047 3889 1069 3936 P
1082 3890 1133 3944 Q2.
1166 3893 1209 3947 Ar,
1223 3906 1269 3937 nec
1283 3892 1417 3942 nucem
1427 3909 1467 3942 nst
1476 3891 1534 3941 οὐ

247 3950 402 3999 foraminisE
417 3952 471 3999 Fet
481 3968 542 4014 equa
552 3952 637 3999 cadens
648 3968 676 4000 cx
688 3953 811 4000 altitudine
827 3955 835 4000 l
853 3955 875 4001 G
908 3963 1030 4001 mutentur
1041 3953 1190 4016 longitudine
1201 3955 1310 4016 cylindri
1327 3970 1427 4013 mutuis.
1442 3958 1479 4006 ssd
1492 3969 1532 4003 u·

248 4016 878 4141 innitituniittu::;
908 4016 1204 4144 intntmttt
1221 4024 1533 4150 inerter:-

247 4142 329 4190 endem
351 4146 381 4192 sit
402 4160 429 4192 ac
448 4144 555 4191 velocitas
577 4148 701 4203 respectiva
722 4161 790 4207 aque
807 4147 877 4208 juxta
908 4147 933 4193 in
944 4146 1049 4208 cylindro
1059 4161 1134 4208 squeri
1150 4157 1290 4208 generetur,
1311 4150 1370 4199 dato
1386 4163 1484 4214 ternpore
1494 4163 1530 4212 μ

247 4207 379 4267 cylindrum
396 4210 420 4254 in
436 4207 512 4255 canali
528 4208 608 4256 clauso
623 4219 722 4265 motum,
739 4210 800 4256 actio
810 4226 877 4273 aquae
907 4209 1065 4273 quadruplum
1077 4226 1126 4256 susc
1136 4210 1302 4273 longitudinis
1313 4217 1358 4263 sui
1369 4212 1532 4264 eumd&

247 4271 273 4317 in
284 4271 402 4318 circellum
414 4274 523 4335 utrinque
540 4272 634 4335 equalis
651 4273 766 4320 censenda
776 4285 818 4331 est,
835 4275 875 4322 sed
908 4275 1027 4335 percurrit,
1050 4273 1079 4321 ad
1099 4289 1151 4321 enm
1172 4275 1222 4321 vim
1243 4292 1297 4338 qua
1319 4293 1403 4328 morus
1422 4281 1446 4327 ia
1463 4274 1530 4342 ῌ

246 4333 306 4380 actio
323 4352 390 4397 eques
409 4336 457 4383 sive
474 4336 525 4398 ojus
544 4336 635 4396 pondus
652 4336 677 4383 in
699 4338 817 4384 circellum
834 4355 876 4400 per
907 4338 1021 4401 cylindro,
1038 4337 1078 4385 sed
1095 4337 1192 4385 diversas
1204 4339 1486 4409 densitatisoequnlic·
1497 4355 1529 4387 ὓ

248 4398 304 4445 Cor.
329 4406 365 4446 10.
388 4400 457 4460 Prop.
479 4400 610 4447 XXXVI.
635 4412 669 4448 est
690 4400 720 4449 ad
741 4403 874 4463 cylindmru
907 4403 998 4451 locitate
1009 4415 1082 4458 moto,
1094 4401 1180 4450 eodem
1188 4413 1301 4466 ternpore
1313 4406 1530 4472 gemmati*

245 4462 314 4523 cujus
332 4464 392 4509 basis
409 4476 444 4511 est
463 4465 570 4512 circellus
591 4465 689 4512 altitudo
708 4466 724 4529 ξ
742 4466 754 4513 1
775 4468 798 4514 G
815 4468 875 4514 sicut
906 4467 961 4514 sites
979 4482 1047 4529 aquae
1063 4466 1112 4514 sive
1131 4467 1214 4524 medii,
1233 4470 1265 4518 sd
1283 4471 1427 4522 densim
1441 4468 1528 4534 φᾶ

249 4526 326 4574 51²²
346 4528 376 4574 ad
393 4529 416 4576 E
431 4529 541 4591 [θ’-ᾖ
557 4530 576 4576 P
593 4529 647 4584 Q²‚
667 4532 717 4576 haec
737 4531 815 4592 itaque
830 4532 874 4579 erit
906 4547 931 4578 er
973 4531 1068 4578 tandem
1080 4531 1305 4584 resistentiaestad
1318 4535 1527 4602 rirncyulm‘n

245 4590 305 4638 ratio
315 4591 451 4639 resistentie
461 4592 491 4639 ad
503 4592 597 4654 pondus
607 4594 704 4654 cylindri
721 4596 789 4656 aquei
805 4597 874 4658 cujus
905 4611 933 4658 cy
945 4594 1011 4641 indro
1029 4596 1137 4656 generari
1157 4597 1196 4642 rel
1213 4599 1266 4645 tolli
1286 4613 1364 4661 potest
1383 4618 1432 4665 qua
1445 4610 1528 4661 noyn

244 4655 304 4701 basis
315 4665 349 4702 est
360 4655 465 4703 circellus
475 4668 499 4704 et
509 4657 608 4705 altitudo
621 4658 636 4721 ξ
650 4659 658 4704 Ι
673 4660 695 4705 G
705 4677 713 4717 ;
725 4659 765 4705 sed
773 4661 873 4722 gravitas
904 4659 1062 4723 quadruplum
1082 4675 1132 4706 sun
1150 4660 1314 4725 longitudinis
1330 4667 1424 4728 proprii
1436 4681 1484 4714 cun
1497 4675 1525 4707 rc»

243 4729 278 4767 est
289 4720 323 4765 sis
333 4734 387 4781 quie
398 4729 501 4780 tempore
509 4737 559 4831 juo
569 4722 710 4782 percurritur
726 4724 872 4770 uniformiter
904 4724 996 4771 locitete
1006 4723 1123 4778 descrdrit,
1135 4734 1163 4773 ut
1177 4727 1200 4773 E
1214 4727 1253 4775 Γ*
1266 4730 1299 4776 ad
1314 4730 1335 4777 E
1351 4732 1370 4778 f
1378 4730 1451 4795 Ἀ
1464 4730 1483 4777 l'
1491 4726 1524 4781 θ’

241 4783 400 4845 quadruplum
416 4784 507 4847 longitu
526 4785 570 4831 inis
585 4784 603 4849 ᾗ
617 4787 628 4833 l
643 4787 667 4834 G
678 4788 726 4834 sive
737 4794 752 4834 2
765 4787 777 4834 1
792 4788 816 4835 G
833 4804 871 4834 re-
904 4799 927 4835 et
939 4788 1009 4834 bisut
1022 4787 1043 4834 E
1055 4787 1173 4837 F²adE
1190 4790 1232 4838 1²²
1244 4794 1362 4851 -1’02
1374 4809 1398 4843 ea
1409 4793 1524 4842 urini-

242 4847 336 4897 lotitats
346 4848 413 4911 lapsu
423 4863 466 4911 per
478 4848 491 4897 Ι
505 4849 528 4898 G
540 4849 660 4914 acquisiti,
672 4867 783 4916 generare
796 4862 872 4914 potest
903 4852 975 4900 medii
985 4851 1016 4900 ad
1027 4851 1169 4902 densitatem
1181 4855 1295 4918 cylindri.
1335 4861 1367 4915 Q.
1382 4876 1403 4908 e.
1415 4859 1438 4908 d.
