3202 5446
155 432 272 500 Lissa
288 431 450 512 Paratus]
496 431 736 497 PRINCIPIA
760 429 1129 497 MATHEMATICA.
1373 437 1436 496 828

157 621 194 674 et
207 626 287 674 areae
302 607 510 692 respondeant
523 607 724 690 temporibus,
741 607 806 671 sine
820 629 935 685 errore,
951 607 1005 692 qui
1020 628 1082 670 non
1099 605 1138 669 sit
1152 604 1253 669 minor
1261 605 1368 691 quovis
1383 606 1439 671 da·

158 732 203 781 to.
248 714 289 790 Q.
305 737 333 778 e.
348 736 378 778 o.

204 825 271 888 Cas.
294 831 325 888 2.
349 823 388 907 (⁸)
413 822 582 909 Fingamus
591 824 656 907 jam
672 835 805 908 systema
819 845 985 907 corporum
1000 823 1154 886 minorum
1169 821 1266 886 modo
1282 824 1347 908 jam
1369 820 1439 885 des·

155 930 260 1014 cripta
274 930 355 992 circa
369 929 540 992 maximum
553 929 784 1006 revolventium,
808 928 931 993 aliudve
951 929 1086 1014 quodvis
1107 928 1240 991 duorum
1267 929 1381 992 circum
1407 949 1440 991 se

154 1036 269 1101 mutui>
284 1035 507 1100 revolventium
530 1057 696 1119 corporum
712 1048 845 1121 systema
860 1035 1006 1122 progredi
1021 1034 1215 1123 uniformiter
1229 1035 1262 1097 in
1276 1035 1439 1113 directum,

154 1158 189 1209 et
203 1144 322 1208 interea
335 1144 365 1205 vi
380 1143 520 1226 corporis
535 1142 661 1206 alterius
676 1141 768 1229 longe
784 1143 910 1206 maximi
927 1154 958 1207 et
979 1142 1019 1206 ad
1042 1165 1187 1230 magnam
1201 1143 1377 1207 distantiam
1392 1142 1441 1207 siti

153 1251 264 1339 urgeri
278 1250 424 1314 adlatus.
469 1249 511 1313 Et
526 1250 672 1334 quoniam
687 1249 821 1336 aequales
836 1250 916 1314 vires
931 1249 1176 1328 acceleratricea'
1185 1251 1296 1336 quibus
1311 1272 1442 1335 corpora

148 1357 326 1423 secundum
341 1356 438 1421 lineas
451 1356 614 1440 parallelas
630 1368 789 1443 urgentur,
805 1378 868 1419 non
883 1370 1005 1420 mutant
1019 1357 1094 1421 situs
1114 1379 1279 1442 corporum
1301 1357 1342 1423 sd
1363 1358 1442 1421 invi·

154 1486 238 1543 cem,
255 1463 311 1528 sed
325 1475 360 1527 ut
374 1476 508 1548 systema
522 1474 632 1541 totum,
649 1463 776 1526 servatis
791 1463 925 1547 partium
940 1463 1075 1527 motibus
1089 1464 1170 1527 inter
1185 1486 1227 1541 se,
1240 1463 1330 1527 simul
1342 1476 1442 1529 bans·

152 1570 286 1647 feratur,
302 1569 455 1634 efficiunt:
477 1568 674 1632 manifestum
695 1582 743 1633 est
757 1568 851 1655 quod,
867 1592 908 1633 ex
922 1570 1155 1633 attractionibus
1169 1570 1202 1632 in
1216 1591 1328 1654 corpus
1342 1571 1443 1634 maxi·

155 1700 255 1756 mum,
271 1676 358 1741 nulla
370 1699 497 1761 prorsus
511 1677 628 1740 orietur
645 1676 774 1739 mutatio
789 1689 891 1740 motus
906 1688 1108 1739 attractorum
1122 1677 1203 1739 inter
1218 1700 1259 1754 se,
1272 1677 1331 1739 nisi
1342 1677 1390 1741 vel
1401 1698 1442 1740 ex

153 1785 376 1853 attractionum
390 1783 639 1848 acceleratricum
654 1783 871 1869 inaequalitate,
895 1783 944 1847 vel
965 1804 1004 1847 ex
1023 1782 1222 1846 inclinatione
1236 1783 1386 1847 linearum
1400 1784 1442 1847 ad

152 1895 308 1960 invicem:
332 1891 503 1957 secundum
518 1913 594 1978 quas
608 1892 805 1956 attractiones
820 1891 910 1955 fiunt.
956 1892 1043 1955 Pone
1059 1914 1134 1979 ergo
1155 1893 1352 1957 attractiones
1374 1914 1442 1955 om·
1465 1962 1470 1976 .

151 2024 211 2068 nes
226 2000 455 2065 acceleratrices
470 1999 503 2061 in
518 2020 629 2083 corpus
644 2000 813 2063 maximum
829 2022 897 2063 esse
911 1999 992 2063 inter
1006 2022 1038 2063 se
1059 2001 1215 2084 reciproci
1236 2013 1272 2065 ut
1293 2001 1443 2087 quadrata

152 2109 391 2185 distantiarum
415 2120 446 2172 et
461 2107 606 2195 augendo
621 2109 759 2193 corporis
774 2107 902 2172 maximi
917 2107 1104 2186 distantiam,
1120 2108 1221 2172 donec
1235 2121 1388 2172 rectarum
1402 2108 1443 2173 ab

151 2217 215 2285 boc
230 2217 271 2284 ad
286 2217 407 2303 reliqua
421 2217 586 2280 ductarum
601 2215 783 2280 differentiae
795 2229 937 2299 respectu
951 2238 1058 2279 earum
1073 2215 1276 2303 longitudinis
1300 2229 1332 2280 et
1355 2215 1442 2280 incli-

153 2325 300 2392 nationes
315 2323 357 2387 ad
371 2323 504 2388 invicem
517 2323 654 2386 minores
669 2323 740 2398 sint,
758 2345 850 2408 quam
865 2321 947 2385 datae
962 2322 1098 2407 quaevis3
1120 2322 1361 2406 perseverabunt
1374 2343 1442 2384 mo-

153 2446 202 2499 tus
214 2433 353 2519 partium
367 2433 539 2518 systematis
554 2433 635 2495 inter
649 2455 681 2495 se
696 2432 762 2495 sinc
777 2430 942 2508 erroribus,
959 2433 1011 2517 qui
1027 2454 1090 2495 non
1106 2432 1168 2495 sint
1182 2432 1339 2517 quibusvis
1362 2430 1443 2495 datis

153 2542 299 2606 minores.
346 2539 389 2620 Et
403 2539 560 2625 quoniam,
577 2539 618 2602 ob
633 2539 778 2624 exiguam
792 2538 928 2622 partium
942 2538 1065 2601 illarum
1081 2539 1120 2602 ab
1147 2539 1278 2602 invicem
1302 2538 1443 2602 distanti·

153 2670 214 2726 am,
229 2659 366 2734 systema
380 2659 481 2709 totum
495 2645 536 2708 ad
551 2645 679 2708 modum
695 2645 833 2728 corporis
850 2645 939 2707 unius
955 2644 1139 2720 attrahitur3
1163 2645 1338 2709 movebitur
1360 2644 1442 2709 idern

155 2753 215 2820 lte
228 2753 415 2818 attractione
429 2752 470 2817 ad
484 2752 613 2816 modum
629 2752 767 2836 corporis
783 2752 893 2827 unius3
916 2750 977 2814 hoc
992 2766 1048 2829 est,
1074 2751 1112 2835 (¹³)
1136 2747 1243 2815 centro
1265 2775 1320 2815 suo
1341 2754 1443 2840 gravi-

157 2862 228 2926 tatis
243 2858 402 2924 describet
416 2860 498 2922 circa
521 2881 634 2943 corpus
659 2859 831 2921 maximum
857 2858 1024 2921 sectionem
1052 2857 1186 2942 aliquam
1212 2859 1349 2921 conicam
1373 2861 1442 2943 (viz.

156 2952 193 3054 (ἦ
215 2966 439 3053 Hyperbolum
454 2965 503 3030 val
517 2965 699 3050 parabolam
715 2965 897 3027 attractione
918 2963 1076 3050 languidi,
1102 2964 1222 3048 ellipsin
1248 2964 1386 3048 fortiore)
1413 2981 1444 3032 ct

158 3078 241 3144 radio
255 3077 297 3141 ad
312 3077 485 3140 maximum
500 3075 596 3138 ducto
611 3074 768 3138 describet
782 3096 869 3137 areas
884 3073 1076 3156 temporibus
1098 3075 1353 3158 proportionales,
1378 3079 1443 3140 sinc

160 3183 223 3249 ullis
237 3182 407 3258 erroribus,
423 3183 483 3244 nisi
498 3204 575 3267 quas
589 3182 726 3266 partium
742 3180 908 3257 distantiae,
921 3180 1100 3266 perexiguae
1115 3202 1188 3244 sane
1207 3194 1238 3246 ct
1259 3203 1318 3266 pro
1342 3181 1445 3251 lubitu

161 3289 343 3368 minuendae,
360 3289 483 3353 valeant
497 3289 628 3353 efficere.
674 3289 715 3365 Q.
733 3311 761 3353 e.
777 3311 807 3353 o.

163 3459 229 3513 aaa
247 3465 288 3513 hic
308 3469 453 3522 apponatur
473 3458 575 3506 materiis
596 3457 779 3517 proportionalis,

164 3521 646 3587 ffinussmporammtvinancriva
659 3523 684 3569 in
698 3522 779 3571 eidem

164 3589 242 3641 Ubus
252 3591 376 3640 minuitur.

191 3652 222 3717 (¹)
238 3661 251 3688 ⁰
269 3658 401 3716 tingamus
408 3653 463 3714 jam
480 3669 600 3715 corporum
616 3654 737 3707 minorum,
751 3651 778 3705 P.

166 3727 215 3776 μ,
225 3720 349 3782 majam
359 3719 467 3782 &tempto
478 3717 540 3769 circd
547 3719 672 3768 marimum
681 3715 702 3765 T
710 3718 780 3767 raval-

166 3785 254 3836 Μὴ
267 3793 365 3851 mma
380 3788 486 3847 progredi
502 3787 646 3848 amjmtt'ter
663 3787 688 3832 in
706 3787 779 3831 direc-

167 3850 215 3904 ⁸¹,
229 3865 271 3898 seu
286 3849 360 3899 tatius
375 3848 503 3910 systematis
519 3863 644 3895 commune
662 3849 780 3911 gravitatis

168 3920 260 3962 Utrum
280 3914 310 3969 T,
333 3912 440 3976 progredi
462 3912 607 3960 uniformiter
629 3928 669 3972 per
693 3922 779 3959 rectam

171 3968 224 4034 Tu,
238 3979 356 4027 «aava
368 3981 391 4025 a
401 3981 499 4039 corpore
510 3980 603 4024 aumas
613 3977 678 4037 ange
689 3979 780 4024 masma

169 4035 251 4092 &aad
260 4059 371 4105 nagnam
381 4043 513 4089 distantiam
524 4044 568 4096 titi,
580 4043 658 4102 urgeri
673 4043 704 4087 od
718 4044 780 4089 lutus

171 4104 367 4153 &damnans
385 4104 441 4161 PS,
460 4120 505 4166 ps,
525 4106 579 4161 «S,
600 4105 657 4154 l'S.
678 4114 747 4164 atryue
765 4121 781 4151 a

170 4167 555 4218 adrumetinorum
568 4169 590 4216 T
603 4168 754 4230 limgidc·

194 4229 222 4294 Ρ)
238 4236 252 4264 ⁶
270 4236 324 4282 Hoc
333 4244 373 4289 est,
391 4245 469 4282 centro
485 4251 528 4283 ruo
544 4236 669 4294 grauitatis,
690 4232 715 4277 in
733 4247 780 4294 quo

170 4297 232 4342 &aar
243 4298 459 4408 symoepravium
480 4297 508 4352 Ρ,
520 4313 542 4358 p,
556 4316 580 4354 r,
594 4297 623 4354 T,
644 4296 738 4343 unitum
753 4312 781 4344 ac

170 4361 334 4408 wamia
368 4361 448 4424 ιίςίωι
464 4362 527 4423 (71).

192 4421 222 4486 (⁸)
239 4429 252 4455 '
269 4427 425 4488 Hyperbolum
446 4428 480 4473 cel
499 4427 631 4486 parabolam
648 4429 782 4473 ammiane

124 4542 127 4547 ,
166 4484 272 4550 Μ.
281 4492 376 4551 ἀφέω
382 4489 419 4536 rel
425 4489 538 4536 circulum
541 4490 653 4554 sortiore;
672 4499 782 4536 manente

165 4550 219 4599 ἡ
229 4552 352 4601 reinduta
361 4552 462 4614 corporis
472 4552 532 4599 circi
545 4563 651 4600 caunum
667 4554 752 4600 virium
764 4554 781 4600 S

162 4616 258 4679 μ’μαί,
280 4626 306 4666 et
325 4616 442 4665 circulum
460 4616 497 4664 rel
516 4617 616 4677 ellipsim
633 4617 781 4664 daniberti·

159 4678 539 4732 dnidebctilliusadcentrum
552 4681 689 4737 Sattractio.
706 4690 734 4729 ut
750 4681 780 4728 ad

761 4764 784 4796 v
803 4769 818 4796 o
