3188 5444
161 523 227 580 tat
470 511 819 578 PHILOSOPHIAE‘
833 502 1105 580 NATURALIS
1169 514 1277 595 [Mor.
1296 516 1446 582 Coranos.

159 687 351 772 temporibus
365 683 455 748 factae
467 683 505 767 (si
521 693 682 745 sumantur
696 681 848 745 linearum
862 682 1053 745 nascentium
1076 682 1110 745 D
1127 682 1165 759 Ε,
1183 683 1198 746 Ι
1216 683 1258 761 Ν,
1276 683 1292 747 1
1311 683 1354 761 K,
1374 685 1389 748 Ι
1405 685 1445 763 Τ,

160 798 191 861 Ν
208 796 239 861 Τ
254 795 388 858 rationes
403 791 525 877 primoe)
548 802 621 854 sunt
641 801 677 853 ut
699 789 789 853 lincoe
812 790 846 853 D
863 789 901 866 Ε,
918 789 935 853 Ι
952 788 1002 852 T:
1026 789 1218 872 temporibus
1243 805 1348 854 autern
1372 793 1446 854 inre-

157 904 300 991 qualibus
315 917 350 966 ut
364 902 455 964 linere
477 898 539 961 illoe
555 911 586 961 et
608 911 749 981 tempora
774 888 972 980 conjunctini.
1017 895 1177 980 Tempora
1200 911 1305 961 autern
1333 899 1444 984 quibua

159 1013 192 1077 D
209 1012 237 1077 E
252 1025 284 1074 et
299 1010 315 1074 I
333 1008 364 1072 K
389 1005 614 1081 describuntur,
638 1003 680 1066 ob
702 1002 910 1088 aequalitatem
932 1002 1129 1066 velocitatum

158 1133 230 1183 sunt
246 1131 280 1181 ut
304 1117 363 1178 viae
384 1100 556 1196 'descripte
578 1111 611 1175 D
628 1110 656 1174 E
671 1123 703 1174 et
719 1109 734 1173 l
752 1109 794 1185 K,
819 1107 950 1193 ideoque
976 1108 1128 1172 accelera·

146 1227 269 1300 stiones,
286 1223 318 1285 in
334 1243 424 1285 carsu
440 1237 606 1303 corporum
618 1239 686 1300 per
705 1215 802 1279 lineas
825 1215 859 1278 D
875 1215 904 1279 E
919 1229 949 1279 et
965 1216 980 1279 Ι
999 1216 1040 1293 K,
1057 1230 1130 1281 sunt

160 1345 195 1396 ut
211 1332 242 1395 D
259 1331 288 1396 E
303 1344 334 1394 et
350 1330 365 1393 Ι
382 1328 422 1405 Τ,
441 1327 473 1390 D
486 1326 515 1391 Ε
530 1327 591 1390 etl
610 1326 641 1389 K
657 1325 854 1410 conjunctim,
878 1325 911 1390 id
930 1338 977 1389 est
1003 1338 1037 1388 ut
1051 1326 1085 1390 D
1101 1328 1130 1392 E

158 1437 252 1526 quad.
268 1450 299 1501 et
314 1436 330 1500 Ι
347 1435 378 1499 T
402 1448 428 1499 >t
452 1434 468 1498 Ι
493 1433 524 1496 Κ
548 1432 773 1519 rectangulum.
818 1431 851 1516 (Ι)
877 1431 939 1498 Sed
965 1447 1128 1521 rectangu.

161 1547 224 1609 lum
248 1544 264 1608 Ι
288 1543 319 1607 Τ
343 1556 367 1606 ><
392 1541 407 1605 Ι
436 1540 468 1605 Κ
494 1539 613 1625 aequale
639 1552 685 1603 est
710 1539 775 1603 IN
797 1538 958 1625 quadrato,
987 1540 1048 1604 hoc
1071 1555 1128 1620 est,

162 1651 280 1739 aequale
295 1651 329 1715 D
345 1649 374 1713 Ε
392 1648 484 1735 quad.
500 1661 532 1711 et
552 1662 718 1731 propterea
730 1639 968 1710 ¹accelerationee
991 1648 1023 1710 in
1045 1660 1129 1712 tran·

159 1761 221 1824 situ
236 1779 402 1843 corporum
418 1779 437 1819 a
451 1757 529 1821 Det
544 1754 560 1818 Ι
576 1754 616 1817 ad
631 1753 660 1817 Ε
674 1765 707 1817 et
721 1753 753 1817 K
777 1752 910 1838 aequales
931 1768 1130 1840 generantur.
1188 1753 1281 1877 TV

159 1865 311 1954 AEquales
328 1865 423 1952 igitur
445 1875 518 1926 sunt
543 1883 710 1946 corporum
735 1858 911 1923 velocitates
931 1861 964 1923 in
989 1859 1017 1923 E
1032 1880 1063 1925 et
1079 1862 1111 1926 K
1123 1861 1145 1926 :'
1160 1846 1200 1918 K

161 1989 192 2039 et
207 1974 317 2039 eodem
332 1984 516 2061 argumento
531 1992 654 2054 semper
668 1968 863 2052 reperientur
871 1968 1006 2053 aequales
1015 1969 1046 2031 in
1059 1972 1132 2033 sub-

162 2081 360 2169 sequentibus
374 2077 546 2165 oequalibus
562 2075 724 2139 distantiis.
770 2073 813 2149 Q.
828 2097 855 2137 e.
872 2072 903 2136 d.

207 2188 270 2256 Sed
285 2201 316 2253 et
338 2189 385 2273 (¹¹¹)
409 2186 520 2251 eodem
535 2199 719 2272 argumento
734 2205 866 2267 corpora
879 2185 1080 2270 aequivelocia
1102 2201 1132 2250 et

162 2299 323 2384 aqualiter
336 2321 356 2360 a
370 2308 479 2360 centro
493 2292 648 2370 distantia,
664 2294 697 2355 in
715 2315 843 2357 ascensu
858 2293 897 2356 ad
913 2295 1048 2380 aequales
1071 2296 1132 2360 dis·
1183 2339 1189 2348 -

161 2405 275 2468 tantias
290 2401 450 2489 aequaliter
465 2398 714 2464 retardabantur.
761 2399 803 2475 Q.
819 2423 847 2462 e.
864 2399 894 2463 d.

206 2512 304 2575 Corol.
332 2519 359 2573 1.
384 2508 471 2572 Hinc
486 2507 512 2572 si
526 2529 639 2591 corpus
649 2505 698 2570 vel
713 2506 871 2570 oscilletur
881 2507 1021 2590 pendens
1036 2532 1055 2571 a
1066 2508 1130 2586 filo,

162 2618 211 2683 vel
226 2618 449 2702 impedimento
464 2616 572 2703 quovis
587 2615 772 2700 politissimo
797 2629 827 2679 et
852 2616 988 2700 perfecte
1012 2618 1132 2681 lubrico
1396 2611 1435 2684 ’

161 2740 291 2815 cogatur
305 2726 338 2788 in
352 2724 434 2789 lineri
449 2723 543 2788 curva
559 2724 687 2802 moveri,
703 2736 735 2787 et
749 2745 862 2808 corpus
877 2723 961 2787 aliud
976 2724 1059 2789 recti
1074 2726 1221 2790 ascendat
1242 2725 1292 2790 vel
1315 2726 1444 2791 descen·

101 2914 108 2925 .
161 2833 225 2910 dat,
243 2834 365 2920 sintque
380 2832 557 2897 velocitates
572 2854 679 2896 eorurn
702 2831 735 2894 in
761 2830 869 2895 eidem
895 2832 1079 2918 quicunque
1104 2834 1267 2898 altitudine
1290 2833 1444 2920 equales:

162 2954 256 3006 erunt
284 2941 461 3005 velocitates
487 2962 595 3004 eorum
618 2940 652 3003 in
677 2939 745 3003 aliis
774 2939 1009 3026 quibuscunque
1035 2941 1206 3026 aequalibus
1232 2941 1447 3006 altitudinibus

163 3047 310 3134 aequales.
358 3048 502 3131 Namque
517 3046 656 3131 corporis
669 3045 798 3130 penduli
813 3045 867 3109 filo
883 3046 930 3109 vel
954 3049 991 3130 (¹¹)
1014 3047 1237 3130 impedimento
1259 3049 1340 3113 vasis
1355 3049 1447 3113 abso-

161 3153 226 3218 lute
242 3154 352 3218 lubrici
375 3153 457 3217 idern
479 3166 644 3238 praestatur
667 3152 752 3239 quod
777 3153 807 3215 vi
833 3152 1005 3217 transversi
1032 3153 1065 3217 N
1081 3154 1120 3218 T.
1167 3155 1291 3240 Corpus
1318 3179 1357 3220 eo
1384 3179 1450 3219 non

161 3262 344 3340 retardatur,
360 3284 424 3325 non
439 3261 637 3338 acceleratur,
655 3262 710 3326 sed
725 3275 845 3325 tanturn
860 3262 981 3347 cogitur
996 3261 1036 3324 de
1051 3284 1143 3325 cursu
1166 3263 1327 3326 rectilineo
1349 3262 1455 3328 disce·

157 3370 243 3435 dere.

204 3479 303 3544 Corol.
330 3486 360 3542 2.
387 3478 475 3542 Hinc
490 3479 582 3542 etiarn
599 3479 623 3541 si
639 3479 792 3564 quantitas
809 3479 836 3544 P
851 3479 890 3541 sit
904 3479 1041 3542 maxima
1055 3504 1073 3542 a
1088 3494 1196 3543 centro
1221 3480 1381 3559 distantia,
1409 3479 1455 3546 ad

158 3608 253 3671 quam
268 3607 381 3669 corpus
397 3585 445 3649 vel
461 3585 605 3649 oscillans
620 3587 668 3650 vel
691 3587 723 3648 in
746 3586 919 3671 trajectorid
942 3587 1125 3673 quacunque
1147 3586 1321 3666 revolvens,
1344 3588 1455 3675 deque

159 3692 270 3778 quovis
285 3692 468 3776 trajectcriae
482 3705 609 3776 puncto,
626 3692 661 3756 el
678 3716 771 3778 quarn
787 3693 830 3756 ibi
845 3693 939 3756 habet
954 3693 1115 3757 velocitate
1131 3716 1254 3756 sursum
1269 3697 1448 3780 projectum

157 3800 327 3863 ascendere
342 3799 461 3883 possit;
484 3800 584 3885 sitque
599 3801 752 3885 quantitas
773 3801 804 3865 A
820 3800 964 3864 distantia
986 3801 1125 3885 corporis
1148 3824 1166 3864 a
1191 3816 1301 3865 centro
1327 3803 1361 3864 in
1386 3803 1445 3866 alio

159 3905 268 3992 quovis
285 3904 395 3968 orbitae
410 3919 536 3990 puncto,
554 3920 585 3969 et
610 3907 656 3968 vis
682 3906 853 3990 centripeta
878 3929 1001 3991 semper
1025 3908 1064 3970 sit
1091 3921 1125 3970 ut
1150 3907 1247 3991 ipsius
1264 3909 1295 3970 A
1311 3908 1441 3996 dignitas

191 4121 782 4187 (¹)‘Sedrectoaga1um1TXIKaeqaaleest
849 4132 902 4174 ⁴12.
940 4128 964 4176 si
991 4137 1097 4175 centrum
1127 4130 1147 4177 C
1174 4130 1197 4176 in
1226 4129 1346 4178 infinitum
1374 4133 1439 4186 abeat,

159 4189 176 4235 1
186 4190 216 4234 Ν
223 4191 344 4249 quadrato,
356 4202 411 4234 curn
421 4188 451 4235 sit
473 4187 498 4234 K
512 4189 534 4235 N
548 4189 560 4235 l
580 4189 682 4251 angulus
700 4201 783 4246 rectus.
818 4201 886 4237 recta
900 4194 922 4239 A
936 4195 964 4246 C,
978 4193 990 4239 l
1005 4194 1025 4241 C
1043 4194 1103 4241 fiunt
1122 4195 1238 4254 pasitele
1257 4207 1281 4242 et
1298 4212 1368 4243 arcus
1386 4196 1410 4243 D
1421 4196 1439 4250 l.

158 4249 363 4299 etlineaNTab
381 4251 454 4298 basim
476 4251 525 4299 lK
546 4252 661 4306 normalis,
681 4253 785 4315 adt-(nme
819 4256 1196 4313 ultramarinam,
1219 4260 1230 4306 l
1253 4260 1440 4322 Cperpeadicu·

158 4315 236 4362 erusl
251 4316 274 4362 N
285 4315 388 4363 medium
408 4316 578 4377 proportionale
596 4317 656 4363 inter
672 4319 784 4378 hypothe-
815 4319 882 4374 lares,
905 4332 1032 4368 mutantur.
1079 4323 1148 4369 Valet
1166 4323 1238 4385 igitur
1259 4325 1387 4385 propositio
1403 4325 1440 4370 eti-

157 4393 241 4425 nuttm
254 4378 266 4426 Ι
281 4380 305 4426 K
317 4390 340 4426 et
350 4380 545 4428 illiusabtcissam
558 4379 570 4428 1
585 4382 613 4428 Τ.
816 4400 854 4430 am
870 4386 910 4432 ubi
927 4386 961 4431 vis
978 4386 1109 4446 centripeta
1125 4387 1220 4434 directio
1242 4390 1263 4436 A
1280 4389 1309 4445 C,
1331 4389 1343 4437 l
1366 4389 1385 4437 C
1404 4389 1441 4435 nbi

192 4441 233 4504 (ω)
250 4448 304 4490 411.
331 4448 364 4493 Et
381 4449 458 4494 eodem
476 4457 617 4505 argumento.
660 4446 703 4493 Vis
721 4447 783 4493 enim
815 4447 926 4508 perpetud
947 4449 1056 4510 parallelo
1082 4461 1122 4505 est,
1145 4451 1275 4500 dummodt't
1302 4463 1391 4513 putam
1412 4453 1441 4508 D,

159 4506 305 4554 accelerabit
317 4518 408 4555 motum
424 4510 525 4570 corporis
541 4510 684 4557 ascendentis
702 4511 784 4556 todem
819 4512 830 4559 1
851 4529 917 4574 aque
935 4516 982 4560 alta
1000 4515 1053 4570 sint,
1071 4517 1115 4562 hoc
1132 4527 1173 4571 est,
1192 4517 1217 4562 in
1235 4517 1319 4564 eidem
1337 4518 1400 4564 recti
1416 4518 1443 4564 ad

159 4570 505 4634 modonurdaqquomotum
521 4573 680 4621 descendentis
699 4575 785 4622 eccela·
818 4577 967 4625 directionem
990 4579 1024 4624 vis
1044 4581 1176 4640 eenuipetae
1200 4581 1387 4641 perpendiculari
1407 4598 1444 4629 tu·

159 4646 195 4682 rat
205 4634 229 4681 in
247 4634 328 4681 iisdem
345 4637 401 4683 locis
418 4638 489 4701 (25);
506 4637 569 4685 undd
585 4654 637 4686 vera
653 4650 688 4685 est
702 4654 785 4700 propo·
818 4652 919 4688 mantur.

158 4700 212 4746 sitio
233 4699 281 4746 aive
299 4714 382 4760 eorpus
402 4713 528 4765 utrumque
544 4701 668 4750 descendat
688 4715 729 4750 aut
749 4719 785 4750 aa·
851 4707 886 4768 (¹²)
906 4712 919 4737 ·
937 4710 1103 4769 Inpedimenta
1114 4712 1178 4757 vatia
1209 4709 1278 4775 (vid.
1290 4720 1338 4757 not.
1353 4715 1442 4760 8286.

159 4763 251 4823 tendat,
262 4763 310 4811 aive
320 4763 473 4815 descendente
483 4782 538 4824 uno,
550 4767 648 4816 alterum
659 4767 774 4816 mandat.
817 4776 854 4820 89.
869 4774 901 4819 90
922 4771 974 4832 91.)
