3188 5444
154 513 215 570 888
445 503 784 571 PHILOSOPHIAE
808 504 1081 572 NATURALIS
1149 503 1263 582 [Mor.
1281 507 1428 572 Coacon.

622 934 808 1008 SECTIO
834 934 945 1008 XIII.

297 1141 357 1213 De
372 1164 556 1237 corporum
579 1165 648 1214 non
664 1143 910 1239 spioericorum
927 1143 1058 1216 uiribus
1074 1144 1276 1217 attractivis.

323 1405 604 1471 PROPOSITIO
627 1405 806 1471 LXXXV.
851 1406 1122 1472 THEOREMA
1146 1408 1259 1472 xL11.

151 1577 186 1640 Si
199 1575 328 1657 corporis
341 1577 474 1652 attracti,
490 1575 540 1637 ubi
553 1577 718 1639 attrahenti
730 1578 894 1660 contiguum
909 1587 960 1653 est,
985 1579 1125 1640 attractio
1147 1575 1234 1661 longi
1242 1579 1361 1660 sortior
1376 1579 1417 1652 sit,

193 1704 278 1766 quom
293 1703 354 1744 cum
369 1683 415 1745 uel
427 1683 545 1744 minima
560 1684 716 1746 intervallo
729 1693 907 1764 separantur
916 1684 954 1745 ab
965 1685 1108 1746 inuicem:
1130 1685 1207 1746 oircs
1215 1685 1415 1765 particularum

193 1790 344 1865 tradentis,
362 1791 394 1850 in
408 1811 517 1852 recessu
530 1792 659 1871 corporis
674 1791 807 1868 attracti,
823 1792 987 1853 decresacnt
998 1792 1030 1852 in
1041 1792 1158 1853 ratione
1165 1792 1323 1873 plusquam
1333 1791 1413 1872 dupli·

193 1894 260 1958 catti
275 1897 483 1959 distantiarum
496 1888 703 1981 aqn'tticrdis.
1065 1895 1070 1906 ’

81 2141 86 2159 Ι,
194 2068 277 2132 Nam
292 2069 319 2131 si
333 2068 412 2130 vires
428 2067 611 2130 decrescunt
625 2069 658 2130 in
672 2069 793 2132 ratione
811 2067 966 2151 duplicatis
990 2067 1206 2130 distantiarum
1222 2091 1240 2130 a
1254 2066 1405 2152 parricidia

149 2175 291 2237 attractio
305 2196 411 2237 versus
427 2195 539 2257 corpus
555 2173 752 2257 sphaericum,
769 2187 935 2258 propterea
949 2174 1032 2259 quod
1056 2179 1126 2257 (per
1144 2173 1239 2256 Prop.
1255 2170 1402 2247 LXXIV.)

37 2338 40 2348 ,
149 2281 189 2343 sit
203 2279 360 2363 reciproci
375 2292 410 2342 ut
426 2279 610 2366 quadratum
633 2280 786 2344 distantiae
808 2282 929 2344 attracti
952 2281 1090 2363 corporis
1117 2303 1135 2342 a
1161 2293 1269 2343 centro
1291 2277 1400 2362 spham,

148 2386 233 2450 haud
256 2387 439 2450 sensibiliter
463 2387 626 2473 augebitur
650 2411 689 2450 ex
714 2402 856 2451 contactu
868 2414 876 2465 ;
907 2402 998 2473 atque
1022 2387 1124 2450 adbuc
1146 2388 1249 2451 minus
1272 2385 1403 2474 augebitur

149 2518 189 2558 ex
204 2508 357 2572 contactu,
375 2497 400 2557 si
417 2496 558 2559 attractio
572 2497 603 2558 in
627 2518 750 2559 recessu
773 2498 912 2580 corporis
935 2496 1055 2559 attracti
1077 2495 1237 2559 decrescat
1258 2496 1290 2558 in
1312 2493 1399 2557 ratium

148 2603 278 2665 minore.
325 2603 415 2667 Patet
440 2604 534 2688 igitur
557 2604 727 2686 propositio
753 2603 792 2666 de
816 2604 945 2687 sphaeris
971 2602 1148 2666 attractivis.
1196 2602 1235 2686 (ά)
1260 2602 1398 2686 Etpaa

148 2709 227 2771 ratio
242 2709 364 2772 orbium
379 2709 605 2794 spbaericorum
621 2732 827 2773 concavorum
844 2732 974 2794 corpora
997 2723 1126 2772 externa
1148 2709 1337 2772 trahentium.
1368 2700 1397 2764 Et

148 2820 248 2883 multo
262 2822 360 2908 magis
376 2844 424 2884 res
441 2834 560 2884 constat
574 2823 606 2882 in
622 2821 748 2883 orbibus
765 2843 897 2903 corpora
912 2821 1039 2882 interius
1054 2819 1220 2881 constituta
1231 2812 1394 2881 aahenabua

148 2947 219 2988 cum
235 2928 431 2990 attractiones
447 2926 559 3009 passim
574 2948 631 3009 per
646 2925 767 2988 orbium
784 2927 929 2988 caritates
951 2925 990 2987 ab
1013 2924 1249 2987 attractionibus
1272 2913 1395 2986 connais

148 3037 218 3116 (per
231 3033 325 3116 Prop.
337 3033 464 3112 LXX.)
476 3032 632 3108 tollantur,
643 3032 774 3117 ideoque
787 3030 835 3094 vel
846 3033 878 3093 in
889 3033 956 3114 ipso
967 3044 1109 3093 contactu
1122 3030 1217 3092 nullae
1230 3043 1307 3093 sunt
1328 3016 1394 3100 Qudl

148 3141 174 3202 si
190 3137 318 3222 sphaeris
334 3139 418 3202 nisce
434 3139 620 3223 orbibusque
635 3138 794 3222 sphoericis
810 3151 913 3221 partes
929 3137 1073 3221 quaelibet
1087 3161 1105 3200 a
1120 3137 1191 3199 loco
1206 3149 1347 3199 contactus
1362 3146 1394 3189 rt·

147 3261 241 3311 motae
258 3248 446 3325 auferantur,
471 3263 501 3312 et
517 3262 620 3332 partes
635 3271 724 3310 nosae
740 3248 840 3310 ubivis
856 3247 1028 3310 addantur:
1051 3249 1164 3310 mutari
1180 3260 1306 3331 possunt
1318 3244 1393 3328 figur!
1439 3294 1441 3329 :

146 3354 262 3417 horum
279 3377 443 3438 corporum
461 3356 690 3418 attractivorum
708 3376 767 3437 pro
782 3354 891 3430 lubitu,
916 3376 973 3416 nec
998 3369 1099 3416 tamen
1123 3369 1227 3437 partes
1250 3336 1392 3416 addiiaeal
1437 3370 1441 3449 p

148 3460 318 3537 subductae,
336 3483 407 3523 cum
423 3462 484 3524 sint
499 3485 517 3523 a
532 3462 602 3523 loco
617 3474 777 3523 contactus
793 3473 929 3536 remotae,
947 3460 1104 3546 augebunt
1125 3459 1298 3523 notabiliter
1315 3465 1393 3520 atttss·
1438 3458 1441 3525 l

147 3568 239 3631 tionis
255 3589 427 3642 excessum,
446 3567 553 3651 quiex
569 3581 713 3630 contactu
728 3568 834 3629 oritur.
875 3568 1005 3630 Constat
1019 3567 1113 3652 igitur
1128 3567 1297 3650 propositio
1308 3560 1395 3626 detur·

146 3673 276 3757 poribus
291 3673 460 3760 figurarum
477 3673 625 3735 omnium.
671 3673 713 3748 Q.
730 3695 756 3735 e.
775 3672 805 3737 d.

306 3889 589 3954 PROPOSITIO
613 3887 812 3953 LXXXVI.
858 3886 1128 3952 THEOREMA
1151 3886 1280 3952 XLIII.

147 4042 182 4107 Si
189 4042 417 4125 particularum,
433 4062 469 4101 ea
484 4039 586 4122 quibus
600 4059 704 4119 corpus
718 4036 902 4097 attracticum
917 4035 1106 4115 componitur,
1123 4036 1199 4098 vires
1209 4036 1241 4096 in
1251 4029 1418 4130 recesst&

183 4155 270 4235 poris
284 4152 408 4214 attracti
422 4151 589 4211 decrescunt
604 4149 637 4208 in
652 4145 805 4226 triplicati
821 4146 866 4207 acl
874 4123 1030 4225 plusquam
1056 4144 1210 4224 triplicati
1234 4143 1335 4204 ratione
1354 4124 1424 4190 δι”

190 4264 351 4325 tontiarum
366 4283 385 4321 a
398 4258 568 4341 particulis,
585 4257 726 4318 attractio
740 4256 826 4337 longe
834 4255 954 4335 sortior
967 4255 1026 4315 crit
1041 4254 1073 4314 in
1095 4262 1238 4329 contactu,
1260 4267 1332 4334 quan
1356 4236 1429 4296 θ’

190 4370 309 4431 tralceus
325 4377 353 4429 et
367 4374 526 4429 attractum
543 4365 699 4426 interuallo
715 4363 760 4424 uel
775 4363 892 4422 minima
906 4370 1084 4442 separantur
1098 4361 1137 4421 alr
1152 4363 1278 4423 inuicem.

127 4510 129 4518 ¹
192 4519 274 4584 Nam
290 4520 504 4584 attractionem
520 4517 553 4578 in
568 4537 693 4578 accessu
709 4513 829 4577 attracti
845 4512 1019 4596 corpusculi
1036 4512 1075 4574 ad
1091 4511 1264 4597 hujusmodi
1277 4491 1441 4594 sphaelffl

180 4692 213 4758 (⁴)
231 4697 245 4725 θ
262 4694 296 4742 Et
302 4709 349 4755 par
358 4701 389 4741 cst
400 4694 459 4741 raas
470 4692 559 4739 orbium
570 4691 732 4751 placitorum
743 4704 902 4736 concauorum.
939 4686 998 4748 (Per
1012 4686 1082 4746 Prcp.
1098 4687 1150 4748 71.)
