3202 5446
59 466 174 533 lanne
191 463 354 544 Peucon]
420 460 662 531 PRINCIPIA
686 459 1054 531 MATHEMATICA.
1278 467 1340 527 3⁵³

57 665 134 708 nem
148 640 333 718 absolutam,-
348 662 420 726 quae
440 639 539 727 magis
556 616 701 724 diriqitur
716 637 750 700 In
767 656 933 721 corporum
956 635 988 699 T
1001 646 1034 699 et
1048 635 1076 699 P
1090 656 1253 702 commune
1270 657 1344 722 gra·

57 752 162 819 vitatis
177 763 318 816 centrum
335 749 376 827 Ο,
393 771 486 835 quam
501 748 533 811 in
548 767 660 831 corpus
674 745 844 809 maximum
859 743 900 822 T,
916 765 1047 828 quaeque
1063 742 1212 827 quadrato
1226 743 1343 807 distan-

57 859 112 923 tiae
137 859 160 924 S
185 856 216 923 0
240 856 338 944 magis
360 866 408 918 est
430 853 669 938 proportionalis
692 849 859 935 reciproce,
889 872 982 936 quom
1010 848 1161 936 quadrato
1189 848 1342 917 distantioe

60 968 84 1032 S
101 966 151 1032 T:
175 966 212 1050 (⁶)
228 978 264 1029 ut
278 986 344 1028 rem
358 962 563 1052 perpendenti
577 959 666 1024 focile
680 959 843 1031 constabit.

216 1213 501 1283 PROPOSITIO
524 1211 686 1283 LXVIII.
731 1207 1002 1274 THEOREMA
1024 1206 1191 1271 XXVIII.

55 1393 171 1458 Positis
186 1392 287 1453 iisdem
301 1389 509 1453 attractionem
524 1386 643 1470 legibue,
660 1385 725 1446 dico
739 1384 817 1466 quod
829 1404 931 1465 corpus
941 1383 1066 1446 ceterius
1082 1383 1114 1457 S,
1137 1383 1217 1444 circo
1237 1383 1341 1445 interi·

99 1523 183 1565 orum
199 1500 227 1564 P
237 1510 265 1562 et
274 1499 306 1563 T
319 1518 462 1560 commune
473 1495 635 1579 grauitatis
649 1501 775 1554 centrum
786 1489 827 1565 O,
842 1491 939 1553 radiis
952 1491 995 1552 ad
1007 1500 1134 1552 centnm
1149 1491 1225 1554 iilud
1238 1491 1340 1566 ductis,

101 1607 239 1671 describit
253 1626 340 1668 areas
353 1602 527 1685 temporibus
541 1600 636 1682 magis
645 1597 891 1680 proportionales,
906 1605 935 1658 et
949 1596 1043 1657 orbem
1057 1596 1100 1656 ad
1107 1596 1240 1678 sormam
1255 1597 1341 1678 ellrp-
1411 1583 1412 1587 ¹

99 1737 162 1780 reos
176 1713 338 1777 ombilicum
353 1712 385 1774 ia
399 1718 498 1773 centro
511 1709 608 1772 eodem
622 1704 753 1767 tabentis
773 1704 867 1786 magis
885 1704 1073 1780 accedentem,
1096 1704 1124 1765 si
1143 1725 1245 1785 corpus
1268 1706 1328 1767 inti

101 1843 176 1886 meaa
190 1831 220 1884 et
233 1820 388 1882 marimum
402 1818 449 1880 trs
462 1812 687 1878 retractionibus
695 1811 823 1893 perinde
836 1818 924 1892 atque
934 1819 1039 1872 catera
1053 1811 1193 1892 agitetur,
1214 1834 1299 1895 qaam
1313 1815 1342 1877 si

101 1933 137 1997 id
149 1932 196 1996 uel
209 1951 268 1994 aaa
279 1936 438 1992 attractum
452 1927 591 2009 quiescat,
607 1922 653 1984 vel
666 1913 754 1983 muttd
767 1919 861 2003 magis
883 1927 935 1981 aut
957 1914 1046 1982 antri
1068 1921 1162 2015 atinus
1184 1930 1340 1986 attractant

99 2047 155 2102 aet
168 2031 257 2101 muci
270 2036 364 2121 magis
377 2044 430 2099 out
445 2029 533 2098 maltd
547 2031 641 2095 minus
655 2030 795 2114 agitetur.

105 2210 146 2297 (⁶)
169 2210 408 2275 Demonstratur
422 2207 532 2273 eodem
546 2201 719 2270 feremodo
734 2223 805 2264 cum
821 2199 916 2283 Prop.
933 2201 1056 2267 LXVI.
1080 2205 1135 2268 sed
1157 2219 1341 2294 argumento

53 2318 238 2407 prolixiore,
254 2318 339 2405 quod
362 2317 433 2381 ideo
453 2330 614 2401 proetereo.
661 2309 822 2374 Sufficeret
846 2330 914 2372 rem
937 2309 979 2373 sic
1002 2312 1165 2376 aestimare.
1211 2313 1263 2377 Ex
1286 2314 1342 2379 de·

55 2431 279 2494 monstratione
293 2427 519 2513 Propositionis
529 2422 656 2487 novissi·
845 2426 849 2436 “

54 2560 118 2601 mae
130 2537 229 2623 liquet
243 2550 394 2613 centrum,
407 2537 439 2598 in
449 2533 533 2621 quod
545 2555 656 2617 corpus
733 2474 774 2722 s

56 2644 262 2730 Sconjunctis
274 2644 390 2708 viribus
399 2658 537 2731 urgetur,
550 2642 656 2726 proxi·
705 2647 728 2712 S

54 2772 142 2815 mum
157 2773 224 2815 esse
238 2751 394 2814 communi
406 2762 512 2813 centro
523 2749 656 2835 gravitn-
748 2762 767 2774 ··

55 2863 94 2926 tis
105 2861 241 2926 duorum
252 2861 385 2925 illorum.
425 2861 459 2925 Si
470 2859 657 2924 coincideret

56 2967 116 3032 hoc
131 2980 273 3032 centrum
289 2990 359 3031 cum
375 2982 482 3031 centro
498 2966 550 3028 illo
570 2989 654 3029 com-

56 3074 153 3151 muni,
170 3086 202 3137 et
216 3072 387 3159 quiesceret
401 3094 564 3135 commuue
585 3094 656 3135 cem·

58 3194 140 3243 trum
154 3180 312 3267 gravitatis
327 3200 491 3262 corporum
507 3177 617 3253 trium3
646 3176 854 3241 describerent
870 3200 981 3262 corpus
1002 3180 1025 3243 S
1045 3202 1084 3243 ex
1107 3179 1167 3243 uui
1191 3193 1287 3263 parte,
1311 3191 1343 3242 et

58 3310 223 3351 commune
237 3301 377 3351 centrum
393 3287 525 3349 aliorum
540 3286 673 3348 duorum
691 3309 731 3349 ex
749 3286 844 3351 alteri
864 3303 962 3371 parte,
987 3289 1069 3352 circu
1092 3311 1254 3352 commune
1275 3312 1341 3352 om-

58 3396 145 3459 nium
161 3408 301 3459 centrum
318 3395 490 3479 quiescens,
508 3392 630 3477 ellipses
653 3409 819 3458 accuratas.
866 3397 902 3480 (Ε)
927 3396 1040 3480 Liquet
1053 3394 1114 3459 hoc
1128 3419 1184 3480 per
1201 3396 1341 3460 Corolia-

97 3587 133 3653 (‘)
160 3591 173 3618 '
204 3590 234 3637 Ut
253 3605 302 3636 rem
316 3590 464 3650 perpendenti
476 3587 550 3653 sacili
568 3590 683 3636 comtabit.
750 3588 783 3652 (⁶)
802 3592 815 3621 ⁶
838 3592 1016 3638 Derrtarutrotur
1036 3594 1112 3640 eodem
1126 3591 1180 3656 seri
1201 3595 1273 3647 modo,
1295 3593 1337 3638 dec.

61 3651 123 3699 Nem
134 3652 169 3698 rin
179 3651 342 3700 moderatricis
357 3651 489 3711 composito
506 3651 553 3714 qui
568 3667 650 3712 corpus
670 3653 686 3700 S
719 3652 839 3700 Nimirum
851 3653 984 3701 resolvendo
995 3654 1098 3717 singulae
1109 3656 1252 3703 ettrnetiouer
1260 3671 1341 3715 corpo-

60 3717 317 3829 qeorposriqursTTetef
327 3718 424 3791 trahitur
439 3716 534 3827 ‘li-¹3⁶⁰
550 3716 611 3791 cadit
627 3717 686 3764 inter
716 3717 754 3828 ἒβη
761 3718 778 3764 S
788 3716 867 3829 quue
880 3718 901 3765 P
912 3729 935 3765 et
943 3719 966 3765 T
974 3718 1236 3832 indadmdquaffluoe
1247 3720 1276 3766 ed
1272 3736 1340 3831 11ξὶιέ-

76 3796 132 3828 oen
195 3814 202 3835 ,
267 3816 273 3835 ‚
319 3792 407 3828 entem
590 3796 608 3827 rs
619 3797 685 3828 ecee-
756 3796 779 3827 m
839 3797 865 3828 m
896 3792 951 3828 ntur
961 3793 984 3829 et
1017 3799 1046 3830 ue
1073 3799 1110 3830 ure
1201 3799 1256 3831 onec

60 3843 92 3892 dit
102 3844 134 3892 ed
146 3846 163 3892 S
175 3846 205 3901 T,
216 3862 288 3908 quam
299 3845 328 3892 ed
342 3846 358 3892 S
371 3845 392 3892 P
404 3796 602 3909 (ffiodd'cddgrgre
609 3846 685 3908 majus
718 3855 759 3893 ent
769 3856 838 3893 rectae
852 3798 908 3895 TgnP
918 3845 1045 3906 parallelae

62 3908 83 3957 T
99 3909 190 3956 emerit
211 3912 305 3970 paribus
326 3909 401 3971 magis
418 3911 494 3956 uehat
511 3924 582 3972 quem
601 3925 685 3969 corpus
748 3905 783 3973 (²)
801 3914 815 3941 ·
833 3914 919 3974 Lr'quet
937 3915 985 3967 tae,
997 3910 1039 3958 dre.
1076 3912 1139 3959 Nam
1156 3912 1175 3958 ei
1193 3922 1297 3959 centrum
1316 3912 1342 3959 in

60 3973 139 4020 miuus
154 3973 185 4033 P)
202 3973 400 4036 quemadmodum
411 3984 516 4020 centrum
528 3974 644 4034 grnvttun
656 3974 688 4026 0,
721 3974 784 4035 quod
794 3989 877 4035 corpus
890 3976 906 4022 S
917 3975 1045 4037 conjunctis
1055 3975 1141 4023 viribus
1152 3987 1247 4038 urgetur
1258 3977 1343 4023 coinci-

61 4038 200 4098 propiorem
211 4038 301 4099 corpori
315 4038 417 4100 Tquum
427 4037 515 4097 corpori
529 4038 564 4094 P;
581 4036 690 4098 pretered
722 4036 786 4085 deret
797 4054 851 4086 eum
862 4048 941 4086 centro
952 4040 976 4087 0
987 4040 1104 4101 gravitatis
1114 4041 1232 4087 communi
1244 4040 1343 4086 duorum

60 4112 170 4149 mente
180 4102 290 4151 diamur
302 4104 319 4150 S
331 4103 360 4157 T,
377 4102 410 4147 vis
424 4102 569 4149 eccelerotrix
588 4101 689 4161 eorporis
720 4117 842 4163 corporum
856 4103 878 4151 Ρ
888 4113 913 4150 et
923 4103 945 4151 T
956 4105 1007 4150 hec
1017 4104 1066 4150 duo
1076 4119 1171 4164 corpore
1184 4104 1236 4151 Pet
1245 4104 1268 4152 T
1277 4105 1343 4164 eIlip-

63 4165 78 4213 S
88 4166 170 4215 renue
184 4166 205 4214 Ρ
215 4182 245 4215 ιιι
263 4177 315 4214 etur
325 4165 362 4212 vei
373 4165 518 4222 diminuitur,
530 4164 588 4211 dum
599 4164 688 4211 decrer-
720 4180 757 4212 tes
767 4177 886 4214 accuratae
896 4168 989 4215 seornm
1001 4167 1156 4215 describerent
1163 4169 1250 4214 circum
1259 4184 1283 4214 ee
1292 4184 1345 4215 mu·

60 4230 136 4278 cieret
148 4232 231 4279 menete
258 4230 350 4278 'ontis
362 4231 377 4276 S
390 4230 419 4284 P,
437 4240 461 4277 et
478 4229 583 4276 similiter
600 4228 687 4276 disum
718 4231 760 4278 ωό
777 4241 802 4279 et
820 4231 909 4278 circum
926 4242 1032 4279 centrum
1048 4232 1108 4280 ittud
1120 4233 1144 4280 0
1164 4235 1216 4294 (per
1228 4232 1304 4278 Corot
1319 4238 1341 4280 9.

60 4294 90 4342 tit
102 4297 119 4343 8
133 4296 165 4349 0,
184 4306 285 4358 eugenu
299 4294 335 4341 vel
354 4294 499 4349 dIminuitur,
519 4302 589 4354 prout
607 4293 688 4341 erescit
720 4293 790 4356 Prop.
804 4296 855 4355 58).
892 4297 926 4343 Et
936 4295 1046 4356 praetereti
1057 4312 1140 4358 eorpus
1152 4296 1267 4343 Sereni
1281 4307 1345 4356 perte

62 4360 96 4407 rei
107 4360 221 4409 decrescit
233 4361 250 4407 S
261 4360 296 4417 P3
316 4357 396 4414 Quare
407 4358 512 4405 attractio
522 4357 628 4404 absoluta
639 4360 691 4420 (eeu
722 4367 745 4405 et
755 4358 855 4406 duorum
866 4359 965 4407 altorum
976 4371 1075 4421 systema
1084 4371 1194 4423 tanquam
1204 4375 1280 4406 unum
1294 4376 1346 4408 cor·

61 4426 117 4486 m)
137 4425 242 4484 coeperit
253 4425 271 4472 S
281 4423 393 4487 quadrato
412 4421 527 4469 distantia
545 4422 562 4467 S
575 4420 598 4468 0
617 4421 691 4496 mugit
722 4437 767 4482 pue
776 4423 954 4482 consideratum,
963 4426 1008 4472 hoc
1018 4434 1058 4479 eet,
1071 4439 1344 4487 eorumeommunegru·

61 4486 240 4550 prtrportiomiis
250 4499 285 4536 ert
295 4485 417 4548 reciproci,
429 4501 499 4548 quem
515 4484 627 4547 quadrato
642 4485 691 4532 du-
720 4487 797 4534 riun‘t
807 4498 914 4537 centrum
928 4488 950 4536 0
962 4505 991 4536 er
1002 4489 1074 4536 attere
1090 4498 1155 4548 perte
1170 4487 1262 4548 ellipees
1277 4505 1345 4536 occu-

62 4555 138 4601 unua
151 4555 169 4602 S
180 4553 220 4611 T,
245 4553 339 4610 Insuper
357 4565 483 4598 commune
501 4548 619 4610 gravitatis
634 4564 689 4596 cen·
720 4560 781 4598 retae
791 4551 946 4600 describerent
956 4553 1043 4600 circum
1055 4567 1179 4599 commune
1194 4552 1265 4599 trium
1278 4555 1302 4610 S,
1315 4555 1343 4608 T.

61 4625 121 4664 uum
135 4618 158 4666 0
170 4616 220 4665 rere
230 4616 327 4677 spectari
338 4625 413 4676 potest
420 4622 653 4675 unquempuncmm
662 4613 688 4662 in
720 4614 742 4662 Ρ
760 4625 867 4663 curteum
885 4617 1004 4680 gmritetIr
1023 4618 1143 4679 quiescens
1158 4620 1211 4680 (per
1223 4618 1299 4665 CoroI.
1321 4625 1342 4664 ἱ).

62 4696 104 4743 quo
114 4696 240 4742 corporum
253 4682 276 4730 T
286 4691 309 4729 et
321 4680 344 4729 Ρ
354 4680 413 4728 eires
423 4677 516 4741 physice
527 4679 648 4727 uniuntur.
721 4679 791 4741 Prop.
805 4680 861 4744 58.)
895 4681 968 4738 Quod
978 4682 1055 4730 adhoc
1066 4681 1151 4730 cintius
1160 4680 1309 4746 intelligetur,
1327 4699 1342 4731 e

91 4767 152 4814 Vct..
167 4766 188 4814 1.
689 4758 710 4811 Z
