3202 5446
154 461 267 528 Lmen
285 463 449 542 Saeuum]
482 461 725 527 PRINCIPlA
749 461 1124 528 MATHEMATICA.
1375 450 1435 519 647

152 635 262 700 lumna
277 633 306 699 P
322 633 360 700 H
376 633 410 711 Q
423 657 566 700 convexa
587 636 647 700 erit
666 657 776 701 versus
790 650 987 716 cataractam,
1013 650 1045 702 et
1066 648 1235 722 propterea
1247 636 1348 720 major
1369 655 1451 700 cono

154 743 243 829 cujus
268 742 353 806 basis
376 754 424 807 est
445 743 588 807 circellus
610 743 664 807 ille
689 743 764 820 PQ
786 757 818 807 et
839 743 971 808 altitudo
987 743 1021 810 G
1037 744 1084 822 H,
1107 743 1140 806 id
1157 755 1214 821 est,
1237 743 1338 827 major
1358 741 1450 807 tertii

153 867 244 938 parte
259 854 392 940 cylindri
408 854 519 920 eidem
532 855 608 919 base
622 868 655 919 et
670 854 834 919 altitudine
849 854 1007 940 descripti.
1054 855 1194 920 Sustinet
1215 867 1320 917 autem
1341 852 1451 935 circel-

153 961 202 1025 lus
218 961 271 1026 ille
286 962 410 1045 pondus
431 963 526 1047 hujus
548 962 713 1040 columnoe,
738 962 771 1025 id
793 973 851 1040 est,
877 961 1004 1045 pondus
1028 960 1115 1048 quod
1138 961 1278 1046 pondere
1301 960 1373 1024 coni
1394 981 1450 1024 seu

153 1070 254 1135 tertiae
269 1068 366 1154 paru‘s
382 1069 515 1155 cylindri
529 1070 612 1133 illius
626 1071 727 1155 majus
741 1083 798 1134 est.

199 1180 298 1244 Corol.
315 1187 346 1243 8.
394 1178 523 1242 Pondus
549 1200 639 1264 aquae
664 1200 758 1265 quam
782 1177 928 1242 circellus
954 1176 1045 1241 valde
1067 1200 1182 1262 parvus
1206 1178 1283 1256 PQ
1306 1177 1449 1256 sustinet,

152 1289 257 1354 minus
272 1313 340 1355 esse
355 1290 480 1355 videtur
493 1291 635 1375 pondere
649 1290 784 1355 duarum
798 1290 962 1354 tertiarum
975 1290 1114 1375 partium
1130 1289 1264 1376 cylindri
1285 1311 1376 1377 aquae
1395 1310 1451 1352 cu·

146 1397 201 1481 jus
216 1396 300 1461 basis
315 1409 363 1461 est
378 1396 520 1461 circellus
535 1397 587 1460 ille
603 1410 635 1460 et
649 1396 782 1462 altitudo
797 1410 844 1461 est
860 1395 898 1461 H
914 1398 957 1462 G.
988 1397 1073 1461 Nam
1088 1397 1242 1461 stantibus
1252 1398 1319 1481 jam
1329 1395 1449 1480 positis,

152 1505 289 1571 describi
305 1506 498 1594 intelligatur
513 1506 678 1571 dimidium
693 1507 879 1593 sphaeroidis
894 1508 982 1592 cujus
1004 1508 1087 1571 basis
1110 1521 1158 1572 est
1180 1508 1322 1572 circellus
1345 1506 1398 1570 ille
1420 1519 1452 1570 et
1487 1583 1489 1586 Υ

152 1618 314 1682 semi-axis
329 1617 394 1681 sive
410 1617 542 1680 altitudo
557 1630 604 1681 est
620 1617 658 1682 H
674 1617 716 1682 G.
758 1619 802 1703 (q)
826 1617 870 1681 Et
890 1616 960 1680 hoec
982 1616 1085 1704 figura
1098 1616 1228 1704 aequalis
1246 1619 1306 1681 erit
1327 1616 1450 1680 duabus

151 1727 252 1792 tertiis
266 1726 408 1812 partibus
424 1726 557 1812 cylindri
571 1726 654 1790 illius
669 1739 701 1792 et
715 1726 961 1811 comprehendet
975 1727 1151 1791 columnam
1172 1751 1262 1815 aquae
1278 1724 1451 1814 congelatae

154 1837 182 1900 P
199 1837 236 1901 H
252 1835 285 1912 Q
311 1835 400 1918 cujus
424 1833 549 1918 pondus
573 1834 714 1898 circellus
738 1834 791 1898 ille
817 1835 957 1898 sustinet.
1005 1833 1087 1897 Nam
1111 1848 1146 1898 ut
1170 1849 1275 1898 motus
1298 1856 1388 1920 aquae
1410 1833 1452 1896 sit

151 1931 290 2008 maxime
311 1940 459 2018 directus,
484 1940 735 2025 columnoefillius
750 1941 931 2026 superficies
946 1954 1077 2005 externa
1099 1957 1266 2006 concurret
1289 1964 1361 2006 cum
1383 1940 1451 2006 basi

155 2051 183 2117 P
198 2049 232 2126 Q
248 2053 285 2134 (¹)
301 2047 335 2110 in
350 2046 467 2134 angulo
482 2046 624 2109 nonnihil
639 2059 741 2126 acuto,
757 2059 925 2132 propterea
940 2045 1026 2132 quod
1040 2069 1124 2133 aqua
1138 2048 1280 2112 cedendo
1295 2046 1451 2133 perpetud

152 2159 343 2226 acceleratur
358 2170 390 2222 et
404 2169 534 2241 propter
548 2155 801 2220 accelerationem
817 2157 855 2219 fit
869 2156 1010 2232 tenuior3
1036 2167 1068 2220 et
1090 2155 1163 2220 crim
1178 2157 1313 2245 angulus
1336 2157 1389 2221 ille
1412 2156 1452 2220 sit

152 2281 241 2335 recto
254 2268 367 2344 minor,
391 2267 461 2328 haec
482 2264 628 2329 columne
642 2265 681 2328 ad
696 2263 857 2328 inferiores
872 2263 938 2348 ejus
953 2276 1057 2346 partes
1080 2264 1115 2349 (¹)
1126 2265 1244 2349 jacebit
1258 2266 1339 2328 intra
1355 2263 1451 2328 dimi-

153 2379 243 2443 dium
269 2377 466 2464 sphoeroidis.
512 2379 548 2463 (²)
565 2378 687 2443 Eadem
714 2377 789 2442 verb
812 2399 936 2442 sursum
958 2391 1049 2441 acuta
1064 2379 1122 2442 erit
1137 2401 1193 2443 seu
1215 2378 1387 2463 cuspidata,
1411 2400 1452 2445 ue

153 2489 355 2554 horizontalis
370 2502 475 2553 motus
490 2511 581 2576 cquae
596 2489 637 2554 ad
651 2491 800 2553 verticem
816 2486 1001 2573 sphaeroidis
1016 2488 1056 2551 sit
1070 2486 1191 2552 infinite
1205 2487 1343 2553 velocior
1358 2487 1452 2575 quim

158 2685 182 2734 P
194 2684 326 2740 qustinet
337 2684 431 2746 pondus
439 2685 557 2733 columnas
567 2700 635 2747 aquo
649 2684 670 2731 P
682 2684 708 2731 H
723 2684 754 2739 Q„
766 2682 791 2731 id
823 2684 915 2746 tanguli
936 2683 963 2731 H
977 2685 1001 2731 G
1020 2684 1041 2731 P
1053 2684 1078 2732 ΙΙ
1129 2684 1219 2742 nitum;
1242 2683 1306 2734 undd
1324 2687 1377 2749 (per
1394 2685 1450 2735 Cor.

157 2759 201 2806 eat,
211 2747 305 2809 pondus
315 2750 380 2811 quod
390 2751 468 2813 majus
479 2760 514 2799 est
524 2748 627 2810 pondere
639 2750 712 2797 tertiat
720 2749 791 2808 partis
825 2749 892 2796 Lem.
909 2748 955 2796 lv,
974 2748 1028 2796 Lib.
1044 2747 1080 2810 l.)
1121 2749 1293 2810 emisphaerium
1312 2766 1341 2796 ex
1361 2749 1452 2796 revolu-

158 2812 258 2874 cylindri
268 2828 335 2875 aquae
352 2814 420 2876 cujus
436 2816 497 2862 basis
512 2824 548 2862 est
562 2813 671 2862 circellus
691 2815 712 2862 P
725 2814 751 2868 Q
766 2823 791 2860 et
823 2814 888 2860 tione
898 2813 1034 2875 quadrantis
1043 2813 1124 2860 circuli
1138 2814 1163 2860 H
1179 2814 1203 2860 R
1217 2815 1232 2860 S
1246 2814 1269 2860 G
1285 2813 1401 2874 genitum,
1417 2822 1453 2861 est

157 2877 257 2939 altitudo
271 2878 294 2925 G
308 2878 343 2925 H.
819 2876 849 2923 ad
860 2876 1076 2936 berniaphraroidem
1092 2892 1119 2923 er
1137 2877 1251 2923 rotatione
1265 2877 1401 2939 quadrantis
1416 2877 1452 2924 el·

193 2941 229 3005 (⁴)
242 2946 255 2971 ⁸
269 2944 304 2991 Et
316 2946 450 3009 haerfigaro
461 2946 556 3007 aqualia
566 2945 615 2996 erit.
628 2943 670 2989 &e
702 2941 789 2988 Centro
820 2940 905 3000 lipseos
918 2941 943 2987 H
957 2941 981 2987 N
993 2940 1014 2987 P
1027 2940 1050 2986 G
1062 2939 1086 2985 in
1098 2938 1179 2986 eidem
1191 2939 1289 2986 ratione·
1309 2941 1371 2987 Cum
1380 2941 1453 3003 igitur

161 3005 193 3063 G,
215 3014 238 3051 et
258 3007 412 3054 semi-aribus
429 3006 559 3069 conjugatis
583 3007 607 3053 G
626 3006 652 3052 H
672 3016 694 3052 et
716 3005 738 3052 G
760 3005 787 3060 P,
821 3004 1009 3064 hemispherium
1020 3003 1089 3050 sitad
1101 3003 1234 3064 cylindrum
1250 3004 1452 3065 circumscriptum

159 3068 303 3116 describatur
313 3071 545 3132 ellipseosquedrans
559 3071 585 3117 Η
600 3069 623 3116 N
637 3069 664 3123 P,
677 3079 700 3115 et
711 3079 790 3115 centro
821 3077 849 3113 ut
860 3074 875 3114 2
886 3068 941 3115 ad3
955 3072 1022 3132 (170.
1038 3067 1092 3114 Lib.
1109 3067 1160 3128 11.)
1172 3067 1216 3114 erit
1226 3070 1296 3114 etiam
1313 3068 1452 3130 hemisphe-

157 3133 241 3181 eodem
255 3134 314 3181 Gac
324 3135 390 3182 radio
404 3137 425 3183 G
439 3136 464 3182 H
476 3135 557 3182 circuli
568 3133 684 3197 quadrans
693 3133 718 3179 H
732 3133 754 3177 li
763 3134 788 3187 8,
822 3132 869 3177 rois
879 3131 908 3177 ad
920 3131 1052 3192 cylindrum
1069 3131 1269 3193 circumscriptum
1286 3133 1327 3194 qui
1338 3148 1380 3193 per
1391 3144 1451 3180 rota-

157 3197 364 3311 iimfflifflque
372 3200 507 3310 timui&
517 3200 540 3245 H
550 3200 572 3246 G
581 3199 633 3273 P'X
633 3197 699 3309 {tp}
708 3198 730 3244 G
729 3197 753 3308 ὦ
760 3198 788 3272 Z.
821 3196 908 3306 timentem
917 3194 1083 3314 rpcttppo'gulig
1095 3197 1117 3243 G
1123 3197 1151 3307 ἒ)
1160 3196 1185 3243 X
1194 3208 1327 3259 generatur,
1335 3197 1361 3244 in
1369 3197 1452 3246 eidem

188 3279 203 3311 u
280 3277 306 3310 ιιι
316 3279 379 3311 circu
389 3280 405 3311 o
415 3279 442 3311 or
468 3275 521 3310 nata
532 3277 620 3326 quoevra
696 3296 702 3317 ,
715 3278 727 3308 e
755 3277 790 3323 par
865 3275 909 3305 one
1002 3293 1008 3306 .
1089 3274 1109 3306 e.
1139 3292 1146 3306 .

855 3339 888 3402 (¹)
901 3343 914 3369 ⁹
927 3341 1163 3400 Inarrgulononar'lril
1170 3349 1242 3387 acuto.
1268 3339 1331 3387 Nam
1339 3340 1451 3402 quemad·

823 3403 920 3450 modum
932 3403 1034 3465 angulus
1044 3418 1114 3464 quem
1125 3413 1246 3450 eamractae
1259 3406 1281 3451 Α
1293 3406 1315 3452 Β
1326 3406 1350 3452 Ν
1362 3405 1412 3452 FE
1423 3406 1450 3452 M

825 3468 958 3528 superficies
975 3477 1071 3514 externa
1092 3470 1114 3513 A
1128 3468 1157 3515 Μ
1170 3467 1201 3524 Ε,
1222 3469 1279 3516 BN
1295 3469 1315 3516 F
1332 3484 1386 3516 eum
1402 3469 1452 3516 basi

827 3532 890 3586 (ΞΕ,
914 3531 938 3578 D
953 3531 973 3578 P
988 3532 1115 3587 constituit.
1134 3542 1170 3578 est
1185 3547 1275 3593 semper
1290 3544 1381 3590 acutus,
1398 3533 1452 3594 quia

825 3612 887 3658 aqua
902 3595 1008 3642 cadendo
1024 3611 1114 3656 semper
1132 3596 1273 3644 acceleratur
1289 3597 1377 3659 (272).
1414 3597 1453 3643 Sic

825 3663 903 3716 etiarm
921 3662 951 3706 ob
967 3660 1064 3708 undem
1079 3659 1199 3716 rationem,
1219 3662 1337 3708 columna·
1354 3660 1415 3707 PH
1429 3661 1456 3716 Q

825 3724 960 3785 superficies
977 3734 1072 3771 esterna
1087 3734 1210 3773 concurret
1224 3741 1279 3772 curn
1290 3725 1339 3772 basi
1353 3725 1375 3771 P
1388 3724 1413 3779 Q
1423 3725 1454 3799 ⁸in

826 3788 916 3900 :3¹85ss
924 3788 1111 3908 dertinidsclehidi
1122 3790 1454 3902 guidoheideQnileullerPeblhi

825 3932 870 3964 are
884 3917 909 3963 H
923 3917 954 3972 G,
966 3917 1070 3979 angulus
1080 3918 1120 3966 ille
1133 3919 1158 3965 H
1173 3918 1194 3965 P
1209 3919 1320 3966 Greetus
1331 3917 1422 3975 credin
1434 3918 1455 3965 si

826 3980 928 4028 circulus
938 3990 972 4028 est
983 3980 1050 4028 raldi
1059 3997 1159 4042 parrus3
1176 3983 1279 4045 angulus
1296 3983 1323 4030 Η
1337 3981 1393 4030 PG
1411 3982 1455 4031 erit

825 4045 875 4094 sees
886 4055 963 4092 rectus
973 4060 1015 4093 seu
1026 4046 1133 4093 nonnihil
1143 4058 1234 4094 acutus.

859 4134 892 4200 (⁸)
903 4135 990 4184 Jocebu
1005 4133 1069 4183 intr-d
1086 4137 1206 4182 dintidium
1217 4137 1355 4196 sythaeroidis.
1392 4133 1456 4189 Quia

828 4201 867 4262 (es
880 4196 964 4246 naturi
974 4197 1091 4259 ellipseos)
1104 4199 1127 4245 in
1138 4199 1185 4260 qui
1192 4208 1314 4260 tangentes
1325 4213 1365 4259 per
1375 4199 1456 4245 arium

827 4262 924 4310 vertices
942 4263 1019 4310 ducto
1035 4263 1135 4322 angulos
1151 4273 1225 4310 rectos
1235 4277 1290 4309 cum
1302 4263 1385 4309 aribus
1400 4277 1454 4308 con-

160 4370 287 4404 mmm
297 4354 322 4400 in
336 4354 368 4408 N,
386 4353 429 4400 “it
448 4352 472 4398 R
485 4351 513 4398 Μ
525 4351 555 4397 ad
568 4350 593 4397 N
606 4349 643 4406 M,
659 4349 685 4395 ᾗ,
696 4347 750 4396 M
760 4364 797 4397 η,
828 4328 936 4378 ιιίιιιιιιιι,
949 4327 1285 4388 spharoidissuperficiescum
1294 4326 1455 4384 circelloPQ,

160 4420 226 4468 noae
239 4420 256 4466 s
270 4416 293 4466 o
305 4418 334 4464 au
349 4418 370 4466 P
384 4418 406 4464 G
420 4420 486 4479 (ιιι.
500 4417 550 4461 mn.
565 4414 599 4473 1.)
612 4423 636 4460 et
646 4411 796 4475 proparate
828 4391 945 4438 ”⁰⁶⁰³st
956 4391 981 4438 ³¹¹
993 4392 1082 4454 ⁸¹¹8¹¹¹⁰
1092 4402 1161 4439 'effi

161 4482 246 4547 figam
257 4482 304 4530 illas
315 4481 377 4528 circi
387 4495 454 4527 asem
469 4479 495 4525 H
510 4479 533 4525 G
550 4478 706 4534 revolvantur,
723 4477 797 4525 eircu-
862 4476 894 4539 (r)
908 4481 921 4505 '
934 4478 1025 4525 Eadem
1042 4477 1093 4526 cord
1111 4495 1206 4526 sarsum
1222 4486 1292 4526 acuto
1307 4480 1358 4526 erit.
1395 4475 1458 4525 cnm

161 4546 200 4595 lua
209 4562 282 4611 quem
294 4545 375 4592 radius
387 4545 414 4590 M
430 4544 454 4590 R
464 4542 490 4588 in
501 4541 545 4590 bric
557 4542 701 4588 revolutione
711 4541 797 4590 descri-
830 4541 892 4589 enirn
912 4551 988 4602 panes
1003 4557 1071 4603 aquoe
1082 4541 1169 4601 duplici
1181 4553 1247 4589 motu
1258 4544 1363 4589 cicantur
1378 4542 1403 4587 in
1422 4543 1457 4599 H,

161 4613 209 4668 bet,
227 4612 271 4660 erit
282 4610 313 4660 ad
324 4607 441 4656 circulum
457 4607 523 4653 radio
536 4607 564 4653 Μ
580 4607 602 4652 Ν
614 4606 758 4666 descriptum
774 4606 798 4653 in
831 4604 878 4654 alio
889 4605 991 4654 verticali
1002 4608 1042 4668 qui
1060 4606 1126 4666 lapsu
1138 4622 1178 4665 per
1188 4605 1337 4653 altitudinem
1350 4607 1362 4653 Ι
1377 4606 1402 4652 H
1420 4622 1459 4652 ae-

162 4673 219 4723 dart
237 4674 328 4722 ratione
347 4673 364 4719 S
377 4672 423 4718 G²
442 4670 472 4716 ad
492 4671 512 4717 P
526 4671 548 4718 G
561 4672 582 4727 ²,
601 4686 643 4717 sau
655 4671 679 4717 in
691 4671 747 4718 dati
763 4686 800 4718 ra-
832 4670 940 4733 quiritur,
951 4670 998 4718 alio
1008 4670 1146 4717 horisontali
1157 4686 1205 4734 quo
1215 4682 1291 4732 partes
1301 4685 1369 4733 aque
1380 4669 1409 4716 ad
1420 4685 1459 4716 ca-

162 4739 227 4788 tione
236 4737 337 4801 cylindri
348 4751 419 4798 quern
437 4734 600 4799 rectangulum
619 4735 646 4783 H
661 4736 684 4783 G
697 4735 747 4783 ΒΖ
763 4750 801 4783 ro·
832 4745 942 4782 taractam
952 4734 1099 4782 formandam
1110 4735 1141 4781 ad
1151 4751 1176 4782 se
1186 4732 1270 4783 mutui>
1285 4735 1407 4789 accedunt,
1423 4733 1459 4780 uti

163 4804 237 4854 tando
252 4801 363 4852 describit
374 4799 404 4848 ad
416 4799 549 4863 cylindmm
569 4815 598 4849 ea
619 4799 735 4850 rotatione
751 4814 801 4848 rec·
832 4797 903 4862 auprt
913 4798 968 4848 ante
979 4815 1024 4849 ras.
1040 4805 1060 4847 1.
1074 4798 1213 4857 dictumest,
1225 4797 1356 4864 atqueidaei
1366 4798 1460 4863 guttula

786 4867 848 4912 894
