3188 5444
161 463 223 523 ³64
463 454 806 528 PHILOSOPHIAE
828 461 1102 532 NATURALIS
1162 462 1274 544 [Mor.
1287 465 1444 537 Coenon.

311 738 596 809 PROPOSITIO
623 743 786 811 LXXVI.
831 746 1103 816 THEOREMA
1126 748 1296 816 xxxvl.

158 936 194 1002 si
200 937 325 1020 spirata
335 939 529 1022 inprogresm
538 962 559 1002 a
570 951 669 1005 centro
678 944 722 1006 ad
730 944 991 1026 circumferentium
1004 943 1122 1029 (quoad
1131 946 1265 1010 materia
1275 946 1448 1011 darsitden

197 1048 299 1111 etvini
313 1049 523 1137 attractioam)
537 1059 679 1134 ratamque
694 1053 896 1131 dissimilares,
911 1055 944 1117 in
953 1075 1112 1138 progressu
1132 1049 1201 1119 veru
1214 1076 1277 1137 per
1295 1056 1449 1121 &astu

197 1157 241 1217 ud
254 1157 356 1218 datam
370 1177 480 1219 omnem
494 1177 514 1218 a
529 1167 628 1220 centro
642 1160 817 1222 distantiam
831 1169 898 1224 sunt
912 1163 1040 1244 undique
1049 1163 1217 1234 similares,·
1241 1171 1270 1226 et
1280 1164 1326 1227 vis
1336 1171 1448 1229 aumo-

197 1263 261 1326 tiva
271 1265 378 1345 puacti
390 1262 526 1347 cajusqroe
539 1265 677 1328 decrescit
698 1267 731 1329 in
755 1267 907 1349 deplicatd
930 1270 1047 1332 ratione
1069 1270 1222 1333 distantia
1243 1270 1377 1352 corpon's
1399 1281 1448 1336 at-

197 1373 311 1434 tracti.-
334 1373 400 1434 dico
414 1373 550 1455 quodvis
564 1381 638 1450 tota,
655 1373 892 1459 qudhuju‘smodi
909 1378 1027 1460 sphaera
1048 1400 1109 1442 una
1128 1380 1259 1444 attrahit
1279 1380 1384 1456 aliam
1407 1381 1447 1447 sit

196 1476 344 1563 recinroci
352 1481 590 1562 proportionalis
604 1485 751 1564 qrtqdrato
765 1486 918 1550 dt'staruiae
930 1497 1102 1553 cantiorum.

199 1673 301 1737 Sunto
315 1669 451 1756 sphaerae
466 1683 665 1758 quotcunque
680 1677 886 1740 concentricae
909 1678 1060 1744 similares
1076 1681 1107 1744 A
1123 1680 1162 1758 Β,
1181 1679 1209 1746 C
1225 1679 1271 1758 D,
1288 1678 1320 1745 E
1336 1679 1373 1759 F,
1387 1681 1441 1747 &c

154 1802 288 1867 quarum
314 1778 477 1842 interiores
501 1777 616 1843 additoe
639 1782 845 1847 exterioribus
871 1799 1061 1870 componant
1084 1787 1247 1853 materiam
1269 1785 1441 1852 densiorem

152 1909 261 1955 versus
281 1901 433 1965 centrum,
457 1885 508 1951 vel
531 1888 693 1954 subductae
717 1892 894 1981 relinquant
918 1897 1109 1976 tenuiorem3
1131 1911 1164 1963 et
1184 1896 1236 1961 hae
1262 1901 1335 1982 (per
1349 1895 1438 1983 Prop-

153 1996 312 2079 LXXV.)
376 1995 500 2060 trahent

152 2103 291 2192 spbaeras
313 2103 387 2167 alias
408 2114 499 2188 quot-

152 2235 275 2300 cunque
287 2210 498 2276 concentricas

152 2318 302 2382 similares
318 2318 351 2382 G
364 2316 410 2394 H,
424 2318 439 2380 1
454 2315 496 2395 K,

151 2424 182 2492 L
208 2425 257 2503 M,
282 2426 339 2490 &c
366 2423 497 2512 singulae

151 2533 296 2620 singulas,
318 2531 433 2595 viribus
448 2554 497 2596 re-

151 2637 495 2723 ciproceproportiona·

150 2744 232 2809 libus
258 2745 410 2831 quadrato
435 2744 497 2809 dis·

149 2852 256 2916 tantiae
272 2855 295 2918 S
311 2852 349 2916 Ρ.
394 2853 428 2939 (¹)
454 2852 497 2917 Et
746 2921 750 2927 ,
951 2915 954 2923 ,

150 2962 368 3045 componendo
383 2962 433 3027 vel
450 2963 497 3033 di,
745 2923 781 2991 D
855 2923 950 3055 s

147 3065 292 3144 videndo,
315 3090 435 3132 summa
449 3070 494 3132 vi·
739 3097 775 3170 Β

147 3175 230 3240 rium
251 3177 373 3241 illarum
394 3180 494 3242 omni·

148 3308 213 3363 um,
232 3287 280 3351 vel
296 3311 440 3353 excessus
456 3290 628 3377 aliquarum
644 3311 739 3374 supra
753 3286 846 3363 alias3
869 3284 930 3349 hoc
945 3297 1001 3363 est,
1017 3283 1073 3362 vis,
1089 3282 1151 3371 qui
1167 3282 1290 3368 sphoera
1303 3291 1367 3356 tou,
1381 3291 1409 3338 e!

151 3397 356 3461 concentricis
372 3399 605 3485 quibuscunque
620 3397 669 3461 vel
691 3395 955 3460 concentricarum
972 3392 1151 3457 differentiis
1166 3393 1333 3478 composita
1345 3382 1408 3456 Ab

150 3504 249 3569 trahit
264 3518 361 3568 totam
377 3529 418 3569 ex
433 3507 635 3571 concentricis
651 3504 886 3591 quibuscunque
901 3502 950 3565 vel
972 3501 1238 3564 concentricarum
1260 3489 1408 3563 differentiis

149 3613 354 3698 compositum
373 3615 403 3678 G
423 3614 479 3690 H;
503 3614 562 3678 erit
576 3612 727 3676 inebdem
739 3611 867 3673 ratione.
913 3611 1076 3694 Augeatur
1087 3606 1408 3692 numerussphoeruun

149 3721 419 3786 concentricarum
433 3722 466 3784 in
481 3721 637 3785 infinitum
653 3720 707 3796 sic,
723 3732 758 3781 ut
772 3716 909 3780 materioe
924 3714 1059 3778 densitas
1070 3712 1216 3777 unicum
1227 3716 1257 3778 vi
1268 3703 1406 3779 atuactirb

147 3830 180 3893 in
199 3852 366 3918 progressu
381 3851 400 3892 a
414 3827 660 3892 circumferentii
676 3825 716 3889 ad
731 3837 883 3900 centrum,
905 3822 1076 3886 secundum
1098 3821 1201 3909 legem
1224 3828 1406 3908 quarucuutrl⁸

150 3954 270 4004 crescat
285 3937 332 4003 vel
348 3937 523 4013 decrescut3
546 3951 587 4014 et,
603 3934 708 4000 additi
723 3933 850 3998 materiei
866 3954 931 3995 non
946 3933 1115 4011 ottramni,
1132 3934 1321 4019 compleatur
1332 3918 1405 3994 obiti!

147 4048 283 4113 densitas
299 4048 457 4126 deficiens,
474 4069 512 4111 eo
527 4060 562 4110 ut
577 4045 709 4130 sphaerae
728 4043 889 4130 acquirant
909 4041 1042 4108 formam
1064 4045 1205 4131 quamvis
1228 4036 1405 4131 optaun3⁸‘

181 4285 213 4349 (¹)
232 4289 244 4316 ⁶
263 4288 297 4334 m
308 4286 460 4347 componendo
471 4285 506 4331 vel
516 4272 641 4332 dividendo,
654 4279 695 4325 dc.
723 4277 779 4324 Hoc
810 4277 923 4323 inversam
945 4274 1049 4349 quadrati
1075 4275 1191 4350 distentia
1216 4285 1348 4351 curuum
1363 4251 1405 4321 ἡ

148 4360 191 4406 act,
204 4347 414 4396 indutddistantii
430 4357 562 4395 cancrorum
579 4341 740 4391 communium
755 4342 779 4396 S,
811 4356 903 4387 summa
923 4339 959 4387 vel
985 4339 1116 4386 differentia
1140 4355 1225 4386 vinum
1248 4342 1328 4402 quum

151 4401 781 4472 notamcospummm,ofl.11<,nnrt
812 4406 907 4464 qum
920 4405 942 4451 o
956 4404 991 4458 n,
1004 4404 1016 4450 1
1031 4403 1064 4458 n,
1078 4403 1100 4450 ι
1112 4404 1140 4451 n
1153 4403 1272 4465 ‚spu-a.
1289 4383 1404 4476 ancli

148 4476 238 4538 sphera
253 4478 274 4523 Α
289 4478 318 4534 Β,
330 4493 351 4532 a,
363 4479 386 4532 b,
398 4491 427 4534 c;
444 4492 458 4522 a
474 4473 565 4535 sphera
578 4473 598 4519 C
611 4471 644 4527 D,
656 4470 679 4525 d,
692 4484 712 4522 e,
724 4469 750 4525 ἲς
768 4487 782 4515 a
815 4469 837 4516 E
852 4469 1029 4515 Fattnhuntur
1040 4468 1064 4513 in
1076 4467 1151 4527 primi
1161 4461 1406 4523 dinmffientd?

149 4540 239 4603 spheri
253 4541 275 4587 E
290 4541 317 4596 F,
330 4558 354 4602 g,
366 4541 391 4597 h,
403 4541 427 4587 i:
447 4539 549 4584 variante
559 4533 614 4582 verb
624 4534 665 4581 ult
675 4532 783 4579 distendi
813 4547 875 4578 mam
887 4532 923 4578 vel
935 4531 1087 4578 differentium
1103 4531 1187 4579 uirium
1200 4532 1228 4579 in
1242 4531 1312 4580 douo
1324 4535 1368 4575 eu
1378 4523 1405 4561 Ψ

147 4604 309 4655 communium
326 4614 459 4651 centrorum
479 4603 503 4656 S.
523 4601 616 4648 Pvires
634 4612 716 4645 omnes
733 4596 780 4642 illc
812 4595 875 4644 verse
886 4607 914 4644 ut
923 4595 1035 4660 quadrata
1044 4595 1214 4644 dinanum

147 4670 302 4740 mutabuntur
313 4666 438 4729 mpccdvd
449 4665 579 4715 secundum
591 4662 705 4711 rationem
716 4660 781 4709 ilum
