3202 5446
89 409 220 474 Lunna
239 403 405 483 Parmos]
452 401 691 468 PRINClPlA
727 403 1098 472 MATHEMATICA.
1337 417 1400 480 207

79 592 260 651 secantem
273 579 454 645 demittatur
467 577 736 664 perpendiculum,
759 594 791 645 et
804 582 1063 667 perpendiculum
1086 584 1164 649 illud
1179 584 1242 649 uni
1265 608 1336 650 cum
1352 608 1400 651 se·

78 703 192 757 cante
219 688 397 753 revolvatur
424 687 507 751 circa
531 687 650 772 polum,
674 689 907 755 intersectiones
934 692 1057 776 spiralis
1094 693 1272 758 transibunt
1300 694 1334 757 in
1364 717 1400 758 se

75 813 221 874 mutuo,
248 818 380 882 quaeque
390 794 493 879 prima
507 806 574 858 erut
589 817 644 859 seu
658 796 813 879 proxima,
829 811 903 881 post
916 821 1011 862 unam
1021 799 1246 865 revolutionem
1262 800 1399 880 secunda

71 907 167 983 erit,
191 915 267 990 post
281 901 360 966 duas
375 901 476 978 tertia,
492 913 525 965 et
544 901 588 965 sic
604 901 769 986 deinceps:
793 925 852 967 ncc
872 905 992 969 interea
1004 907 1174 971 mutabitur
1189 908 1323 994 aequatio
1336 907 1398 972 nisi

69 1035 157 1101 pro
170 1009 292 1076 mutati
306 1007 520 1096 magnitudine
535 1009 743 1093 quantitatum
768 1031 825 1094 per
847 1033 924 1096 quas
949 1013 1067 1096 positio
1093 1014 1223 1078 secantis
1249 1013 1398 1078 determi-

67 1133 201 1186 namr.
249 1115 346 1184 Unde
361 1137 433 1180 cum
447 1116 634 1201 quantitates
649 1116 712 1180 illae
726 1130 799 1201 post
822 1118 960 1206 singulas
975 1120 1184 1186 revolutiones
1209 1121 1342 1186 redeunt
1356 1121 1397 1186 ad

66 1223 332 1332 magnitudines
349 1223 476 1307 primas,
500 1224 635 1309 aequatio
660 1224 774 1288 redibit
796 1224 838 1289 ad
861 1226 993 1290 formam
1015 1229 1159 1313 primam,
1186 1228 1319 1316 ideoque
1334 1252 1398 1294 una

66 1337 275 1423 malamque
303 1332 464 1399 exhibebit
481 1333 714 1398 intersectiones
749 1356 867 1412 omnes,
890 1352 922 1400 et
931 1351 1097 1421 propterea
1123 1337 1241 1402 radices
1270 1338 1398 1402 habebit

66 1466 234 1510 numero
247 1442 395 1520 infinitas,
419 1442 531 1528 quibus
547 1464 655 1506 omnes
671 1441 812 1506 exhiberi
826 1456 965 1528 possunt
1011 1445 1127 1530 Nequit
1152 1469 1228 1532 ergo
1250 1446 1397 1510 intersec-

66 1553 144 1616 tio
159 1566 254 1616 rectae
269 1564 300 1615 et
314 1549 435 1635 spiralis
449 1571 507 1633 per
521 1549 729 1636 aequationem
744 1549 864 1613 finitam
878 1550 1064 1637 generaliter
1077 1551 1217 1631 inveniri,
1234 1552 1397 1616 etidcirco

66 1659 187 1724 nulla
209 1671 296 1724 extat
319 1657 415 1721 ovalis
430 1658 517 1742 cujus
545 1679 626 1735 area,
651 1657 743 1721 rectis
758 1657 916 1742 imperatis
937 1658 1079 1737 abscissa,
1103 1660 1201 1743 possit
1225 1681 1283 1745 per
1302 1661 1396 1725 talem

68 1767 308 1853 aequationam
330 1762 517 1852 generaliter
531 1762 684 1827 exhiberi.

138 1872 184 1961 (¹)
206 1872 329 1938 Fodem
351 1883 545 1959 argumento,
569 1871 594 1934 si
618 1870 814 1935 intervallum
837 1873 902 1957 poli
926 1885 958 1937 et
976 1874 1094 1957 puncti,
1117 1896 1180 1959 quo
1200 1873 1322 1960 spiralis
1342 1875 1397 1940 de-

74 1984 257 2060 scribitur,
274 1981 415 2066 capiatur
426 1980 534 2047 Ovalis
548 1980 717 2064 perimetro
731 1981 874 2045 abscissae
884 1983 1127 2066 proportionale,
1151 1983 1279 2067 probari
1294 1995 1399 2068 potest

77 2091 188 2177 quod
222 2089 387 2178 longitudo
416 2087 575 2172 perimetri
600 2088 709 2173 nequit
749 2111 805 2173 per
834 2088 955 2152 finitam
979 2091 1186 2176 aquationem
1211 2090 1398 2177 generaliter

81 2199 255 2264 exhiberi.
288 2197 321 2282 (¹)
344 2197 397 2262 De
422 2195 561 2259 ovalibus
575 2209 680 2258 autem
703 2195 755 2259 hic
771 2197 883 2283 loquor
897 2219 968 2283 quae
982 2219 1047 2261 non
1074 2209 1245 2286 tanguntur
1259 2198 1398 2286 afiguris

88 2306 274 2395 conjugatis
288 2306 322 2369 in
337 2304 494 2368 infinitum
504 2303 715 2391 pergentibus.

99 2499 403 2563 semoindipoetn'ngulm
413 2497 725 2560 redeuntadmsgnitudines

102 2566 191 2628 prims
200 2567 252 2623 1²8,
264 2563 588 2623 FPintersectioneprimiin
599 2563 726 2611 secundam

108 2640 243 2684 mmm.
260 2629 363 2678 mundi
375 2629 399 2675 in
416 2629 515 2679 tortium.
531 2637 554 2674 et
565 2628 597 2674 sic
608 2627 724 2687 deinceps,

114 2691 726 2754 nunciatath‚v21PM.etdausPF,

119 2756 243 2818 ΗΒΕ,
259 2759 344 2807 redibit
365 2757 395 2806 ud
416 2750 515 2804 formam
537 2761 635 2816 primum
656 2771 727 2819 quam

125 2843 309 2908 manatio
320 2843 381 2890 inter
394 2841 406 2888 1
420 2848 460 2896 m,
473 2839 539 2886 rell'
550 2847 588 2889 m.
602 2849 625 2885 et
634 2837 728 2884 casdem

128 2911 318 2976 inquantitates
331 2913 352 2960 P
363 2913 388 2965 F,
408 2912 430 2959 P
443 2912 467 2965 S,
481 2910 497 2957 S
518 2909 543 2968 F,
561 2908 665 2970 adeoque
681 2922 730 2954 uns

130 2975 231 3041 adunque
248 2977 349 3041 aquatio
360 2977 478 3024 exhibebit
488 2974 660 3022 intersectiones
676 2987 728 3018 om-

134 3071 164 3101 w
178 3058 194 3114 l,
204 3060 216 3107 l
226 3060 246 3117 1,
262 3063 305 3106 de.
326 3074 368 3105 seu
391 3058 481 3104 velares
502 3056 565 3112 lm,
581 3056 617 3104 ll
632 3055 668 3108 M,
686 3054 731 3100 irc.

135 3135 226 3190 md
234 3135 323 3183 radices
333 3134 450 3181 exhibebit
461 3147 559 3179 numero
570 3129 672 3176 infinitas
682 3125 736 3189 qui-

136 3192 169 3238 ll*
176 3212 243 3247 omnes
252 3200 357 3248 exhiberi
370 3208 473 3260 prissrmt.

161 3258 209 3332 ill·
227 3265 262 3312 Ei
284 3265 349 3311 enim
370 3263 459 3309 ratione
481 3260 571 3320 spiralis
592 3257 734 3305 describetur

137 3327 275 3379 amatricis
286 3330 399 3391 adquam
411 3324 507 3387 proindd
519 3326 618 3387 aquatio
629 3321 672 3368 erit
688 3336 733 3367 ιιιι-

138 3397 184 3434 ΜΘ
196 3392 360 3441 dimensionum
377 3391 476 3446 infinita,
492 3405 546 3452 qua
560 3387 654 3450 quidem
667 3385 734 3431 finita

137 3445 262 3525 Quae.
283 3459 302 3504 si
324 3455 449 3519 longitudo
471 3452 588 3515 perimetri
607 3450 679 3498 ovalis
690 3442 775 3512 proA

137 3508 191 3564 lm
199 3523 287 3570 theim
297 3538 339 3569 seu
362 3519 510 3567 intervallum
529 3517 609 3577 puncti
625 3514 734 3576 spirslem

136 3573 251 3634 &mimda
261 3597 284 3634 et
295 3586 351 3647 poli,
368 3600 410 3645 per
418 3584 507 3631 linitam
524 3580 678 3645 aquationem
690 3593 732 3640 ge·

137 3643 215 3695 ”diter
223 3651 322 3699 exhiberi
335 3661 418 3709 posset.

161 3707 205 3781 isi·
221 3715 317 3762 Oualem
331 3716 354 3761 Α
370 3714 421 3761 BC
435 3713 460 3760 D
478 3719 558 3773 tangat
578 3709 602 3755 in
623 3708 642 3756 C
662 3722 733 3754 curva

136 3780 251 3836 ”nimuh
264 3780 319 3836 cd,
337 3780 405 3841 cujus
413 3777 470 3824 rami
484 3779 534 3830 Cb,
555 3775 574 3822 C
586 3774 601 3820 d
618 3773 643 3819 in
654 3771 733 3817 inlini-

137 3842 173 3880 Ἢ
185 3854 276 3906 tergun,
295 3860 338 3905 pro
349 3841 482 3905 hujusmodi
494 3840 598 3887 ovalibus
614 3852 661 3883 non
673 3835 733 3882 valet

137 3893 227 3955 liuram
247 3907 419 3956 demonstratio.
456 3904 571 3965 Supponit
588 3902 651 3949 enirn
674 3898 735 3946 circi

136 3973 222 4019 mm
229 3972 308 4020 datum
319 3973 345 4018 in
356 3970 417 4018 culi
428 3967 540 4031 perpetud
551 3966 636 4015 revolvi
648 3965 735 4011 lineam

136 4036 198 4099 [Μ
210 4037 317 4085 uniioemi
328 4051 383 4083 cum
395 4046 461 4082 motu
477 4050 530 4096 quie
541 4032 572 4079 sit
588 4031 617 4078 ad
630 4029 737 4090 periphe-

135 4103 178 4168 ffl}
185 4100 245 4148 mlii
253 4102 385 4157 tenduats,
397 4112 420 4146 et
428 4098 548 4146 abscindat
559 4112 624 4143 areas
634 4093 676 4140 sibi
685 4107 737 4152 pro-

135 4164 292 4232 Μαμί
314 4176 393 4213 autem
411 4164 483 4210 ovalis
503 4171 641 4224 tangeturu
662 4156 739 4219 flguri

134 4229 322 4288 ”1⁰95de
339 4231 408 4292 cujus
426 4228 484 4274 rami
504 4226 528 4273 in
550 4225 671 4272 inlinitum
689 4236 741 4281 per-

134 4296 185 4342 Μ
197 4294 283 4344 “idem
292 4304 328 4342 en
339 4293 401 4341 linei
412 4293 473 4339 recti
486 4290 546 4338 intri
556 4289 646 4337 ovalem
659 4285 732 4334 revol-

134 4360 186 4398 Μ·
200 4371 241 4404 uon
261 4360 364 4421 percurri
386 4368 459 4405 totam
479 4371 545 4402 novae
560 4355 631 4416 hujus
650 4352 732 4415 figure

134 4424 197 4486 ’,Μὴ
210 4437 248 4470 nee
258 4424 320 4485 gyris
331 4422 448 4485 perpetuis
459 4436 485 4468 ac
496 4419 592 4467 infinitis
602 4415 730 4478 simplicem

132 4479 214 4535 Μ
223 4487 324 4536 denarii.
