3202 5446
675 469 937 587 Pamisum.
1121 520 1126 531 ’
1385 518 1444 589 nt

153 692 326 775 munde,
347 707 461 783 quaet
474 693 543 780 ipsa
552 692 785 780 philosophiam
797 694 920 759 subruit
928 693 1116 772 universam,
1130 695 1296 780 vixopc'roe
1309 694 1442 781 predum

153 817 200 872 ast
220 803 398 870 immorari
442 801 504 867 Vel
527 801 611 867 enim
636 801 821 889 gravitatem
844 803 1028 887 corporibus
1054 802 1198 883 omnibus
1223 802 1354 868 inditam
1376 826 1445 869 esse

153 914 336 1005 negabunt:
360 913 446 1002 qnod
463 926 568 978 tamen
585 910 647 975 dici
671 933 736 975 non
754 923 876 996 potest:
899 911 949 977 vel
966 936 1005 978 eo
1024 914 1151 979 nomine
1168 927 1286 999 praeter
1301 928 1445 981 staturam

152 1046 220 1090 asse
234 1023 448 1100 stamnum
470 1021 557 1108 quod
566 1042 608 1085 ex
622 1018 690 1083 aliis
705 1041 874 1104 corporum
894 1020 1109 1086 affectionibus
1123 1035 1217 1109 atque
1231 1023 1302 1088 ideb
1317 1046 1358 1087 ex
1372 1046 1445 1090 can-

153 1135 194 1200 sis
206 1133 401 1200 mechanicis
422 1132 577 1220 originem
600 1152 667 1194 non
681 1129 805 1196 habeat
848 1132 976 1196 Dantur
995 1133 1079 1198 certe
1097 1136 1254 1219 primariae
1277 1157 1445 1220 corporum

152 1242 354 1320 affectionem
376 1258 449 1329 quas
462 1242 612 1330 quoniam
626 1253 699 1306 sunt
711 1241 878 1327 primaria,
900 1263 966 1306 non
979 1242 1119 1328 pendent
1133 1243 1173 1307 ab
1184 1243 1261 1308 aliis
1300 1243 1445 1308 Viderint

154 1355 250 1444 igitur
269 1374 379 1418 aunon
399 1364 434 1419 ct
452 1352 505 1416 hoe
533 1374 644 1417 omnes
667 1354 729 1417 sint
750 1352 868 1438 pariter
889 1365 1007 1438 praeter
1028 1365 1182 1431 naturam,
1206 1375 1307 1440 eoque
1328 1354 1445 1439 pariter

153 1463 350 1551 rejiciendae:
373 1460 509 1528 viderint
522 1460 599 1529 verh
609 1461 709 1548 qualis
724 1461 765 1527 sit
778 1461 893 1526 deinde
907 1460 1014 1526 futura
1025 1460 1235 1547 philosophia.

195 1573 354 1640 Nonnulli
370 1585 445 1638 sunt
464 1573 577 1660 quibus
593 1572 662 1636 hac
685 1585 752 1638 tots
764 1572 895 1660 physica
903 1574 1037 1638 coelestis
1052 1574 1101 1638 vel
1121 1573 1194 1638 ideb
1212 1573 1315 1638 mimis
1328 1574 1442 1660 placet,

156 1681 239 1769 qudd
256 1704 333 1746 cum
351 1681 486 1746 Cartesii
506 1679 705 1769 dogmatibus
722 1699 865 1767 pugnare
883 1690 916 1744 et
933 1681 987 1743 vix
1005 1681 1165 1744 conciliari
1181 1703 1275 1766 posse
1292 1681 1442 1746 videatur.

156 1790 218 1856 His
236 1789 296 1854 suh
314 1789 420 1855 licebit
437 1789 585 1874 opinione
601 1787 681 1865 hui3
703 1809 745 1852 ex
762 1809 854 1874 aequo
874 1800 979 1851 autem
996 1799 1093 1874 agant
1110 1800 1257 1871 oportet:
1280 1811 1345 1852 nou
1367 1811 1443 1876 ergo
1575 1848 1579 1856 ,

156 1899 363 1988 denegabunt
380 1899 445 1963 aliis
456 1898 589 1964 eandem
608 1898 784 1963 libertatem
799 1918 894 1984 quam
912 1897 971 1961 sibi
991 1896 1121 1960 concedi
1134 1896 1304 1981 postulant.
1351 1897 1444 1960 New·

156 2009 319 2074 tonianam
345 2006 449 2094 itaque
479 2005 721 2092 philosophiam,
745 2026 816 2092 quae
839 2005 930 2069 nobis
954 2005 1057 2069 verior
1079 2004 1224 2083 habetur,
1255 2005 1389 2068 retinere
1406 2015 1444 2088 *et

156 2114 302 2200 amplecti
330 2113 446 2192 licebit,
469 2126 502 2179 ct
524 2135 633 2178 causas
655 2114 743 2202 sequi
771 2134 829 2198 per
853 2111 1061 2198 phaenomena
1087 2112 1315 2196 comprobatas,
1338 2110 1444 2198 potins

157 2248 249 2314 quam
263 2225 352 2291 lictus
371 2239 405 2290 et
421 2225 564 2290 nondum
582 2225 810 2311 comprobatos.
857 2222 910 2287 Ad
924 2244 1029 2286 veram
1051 2221 1283 2306 philosophiam
1296 2224 1442 2306 pertinet,

157 2358 258 2402 terum
277 2350 408 2403 naturas
422 2360 465 2402 ex
478 2337 580 2402 causis
596 2335 668 2400 vere
684 2334 889 2400 existentibus
905 2333 1067 2397 derivare:
1091 2352 1143 2395 eas
1167 2329 1242 2394 verb
1257 2331 1342 2418 leges
1357 2355 1443 2418 quae·

157 2463 229 2524 tere,
252 2447 370 2532 qulbus
385 2445 485 2509 voluit
504 2466 643 2530 summus
667 2443 773 2528 opil'cx
796 2442 882 2506 hunc
900 2441 1011 2505 mundi
1027 2439 1274 2525 pulcherrimum
1300 2440 1444 2505 ordinem

158 2553 307 2631 stabilire3
330 2575 397 2616 non
412 2575 466 2617 eas
479 2552 593 2639 quibus
607 2552 720 2636 potuit,
743 2551 770 2614 si
787 2550 831 2614 ita
846 2550 946 2613 visum
960 2547 1078 2612 sciisset.
1125 2547 1253 2612 Rationi
1267 2549 1351 2612 enim
1365 2571 1444 2614 con-

159 2683 264 2726 tonam
279 2674 337 2740 est,
361 2676 398 2726 ut
412 2685 432 2725 a
445 2661 588 2747 pluribus
600 2659 711 2737 causis,
731 2659 771 2723 ab
787 2659 921 2722 invicem
935 2657 1078 2722 nonnihil
1093 2657 1233 2734 diversis,
1248 2656 1333 2722 idem
1347 2661 1445 2743 possit

159 2771 282 2836 effectus
305 2770 485 2857 proficisci:
508 2770 578 2834 haec
603 2782 707 2834 autem
727 2792 802 2833 vera
821 2770 881 2834 erit
898 2792 1001 2846 causa,
1025 2791 1065 2833 ex
1085 2792 1148 2855 qua
1164 2767 1237 2832 verti
1255 2781 1348 2855 atque
1372 2784 1443 2836 actu

157 2881 382 2965 proficiscitun
404 2881 535 2968 reliquae
549 2881 653 2945 locum
675 2902 741 2944 non
758 2879 876 2944 habent
896 2881 929 2944 in
948 2879 1148 2966 philosophis
1168 2879 1251 2945 veri.
1294 2883 1335 2946 In
1349 2880 1445 2946 horo·

159 2985 244 3078 logiis
271 2991 440 3055 autumatis
457 2989 542 3053 idem
561 2988 673 3052 indicis
693 2988 812 3052 horarii
829 3001 931 3052 motus
946 2986 996 3052 vel
1016 2987 1056 3051 ab
1076 3009 1216 3072 appenso
1231 2988 1372 3072 pondere
1394 2987 1444 3054 vel

160 3097 193 3161 ab
206 3100 292 3163 intus
308 3098 459 3161 concluso
473 3097 588 3163 elatere
608 3096 684 3159 oriri
698 3108 819 3181 potest.¹
858 3094 955 3171 Quod
970 3096 997 3158 si
1022 3094 1163 3159 oblatum
1177 3093 1374 3181 horologium
1394 3118 1444 3161 re·

161 3206 226 3270 verti
240 3208 282 3272 sit
295 3207 485 3270 insnuctum
503 3204 663 3289 pondere3
686 3204 839 3268 ridebitur
863 3203 918 3289 qui
931 3202 1031 3290 finget
1056 3203 1214 3280 elaterem,
1237 3215 1269 3267 et
1285 3225 1326 3266 ex
1343 3202 1444 3290 hypo-

161 3315 234 3381 thesi
248 3317 294 3381 sic
308 3313 513 3400 proeproperd
528 3312 661 3377 conficti
675 3324 797 3375 motum
812 3310 923 3374 indicis
944 3310 1101 3394 explicare
1116 3311 1282 3395 suscipiet:
1305 3313 1445 3395 oportuit

160 3426 239 3489 enirn
252 3426 409 3490 intensam
423 3423 576 3487 machinae
590 3421 740 3487 fabricam
754 3420 889 3506 penitihs
908 3423 1107 3505 perscrutari,
1131 3435 1166 3486 ut
1184 3423 1227 3485 ita
1251 3423 1355 3487 motis
1369 3444 1444 3508 pro-

160 3533 250 3616 pomti
263 3531 453 3617 principium
476 3553 585 3595 verum
600 3528 798 3613 exploratum
812 3528 929 3593 habere
942 3542 1058 3614 posset.
1104 3530 1195 3597 Idem
1214 3530 1264 3595 vel
1282 3553 1347 3595 non
1361 3532 1444 3595 absi·

160 3642 229 3706 mile
245 3640 361 3706 feretm
375 3640 532 3726 judicium
553 3639 594 3704 de
607 3640 802 3726 philosophis
817 3638 889 3718 illis,
912 3641 968 3725 qui
987 3641 1115 3706 materiei
1131 3641 1265 3729 quddam
1281 3642 1443 3707 subtilissi-

162 3751 204 3815 mi
220 3750 318 3815 ooelos
332 3772 402 3814 esse
417 3749 563 3835 repletos,
585 3750 667 3815 hauc
681 3764 785 3816 autem
795 3752 827 3814 in
838 3753 971 3818 vortices
986 3754 1196 3819 indesinenter
1206 3755 1257 3841 agi
1268 3754 1442 3818 voluerumt.

163 3859 239 3924 Nam
253 3883 274 3923 a
286 3858 504 3945 phaenomenis
520 3859 569 3923 vel
583 3859 812 3924 accuratissimi
828 3861 1004 3925 satisfacere
1022 3874 1150 3944 possent
1164 3885 1205 3926 ex
1218 3861 1444 3947 hypothesibus

162 3969 236 4045 tuis3
259 3989 370 4032 veram
383 3980 487 4031 umen
501 3967 731 4054 philosophiam
747 3968 922 4047 tradidisse,
945 3984 978 4035 et
991 3993 1079 4034 veras
1094 3993 1202 4034 causas
1223 3985 1365 4035 motuum
1380 3993 1444 4035 coe-

160 4076 280 4142 lentium
294 4077 453 4142 invenisse
466 4079 608 4142 nondum
625 4077 751 4142 dicendi
773 4092 865 4156 sunt3
887 4079 948 4143 nisi
970 4078 1019 4144 vel
1033 4079 1089 4143 has
1104 4078 1214 4144 reverti
1227 4081 1368 4157 existere,
1393 4079 1441 4145 vel

160 4189 265 4254 alten
276 4191 355 4254 alias
367 4212 432 4254 non
445 4191 578 4255 existere
593 4189 883 4254 demonstraverint.
928 4191 1030 4276 Igitur
1044 4190 1071 4253 si
1085 4203 1245 4255 ostensum
1259 4166 1361 4267 luerit,
1373 4190 1443 4254 uni·

161 4319 318 4362 versorum
338 4320 508 4382 corporum
522 4298 738 4363 attractionem
757 4297 875 4362 habere
889 4319 998 4362 verum
1012 4296 1117 4363 locum
1138 4298 1172 4362 in
1186 4319 1290 4362 rerum
1313 4296 1441 4372 notarim

160 4410 328 4496 quinetiam
343 4398 504 4473 missum
519 4407 619 4487 fuerit,
643 4410 704 4496 qui
726 4409 846 4474 ratione
862 4422 965 4474 motus
980 4432 1089 4475 onmes
1109 4410 1249 4475 coelestes
1264 4410 1377 4474 abinde
1392 4431 1443 4473 so-

160 4514 308 4582 haenau
341 4517 511 4601 recipiaut3
534 4539 614 4579 vana
634 4512 728 4582 fuerit
752 4531 785 4581 et
808 4516 920 4582 merith
944 4517 1116 4582 deridenda
1138 4517 1282 4602 objectio,
1316 4519 1342 4581 si
1373 4517 1443 4602 quis

159 4622 273 4690 &mit
286 4624 415 4690 eosdem
430 4635 534 4689 motus
550 4645 607 4708 per
621 4626 752 4690 vortices
767 4625 916 4710 explicari
930 4626 1056 4704 debere,
1080 4626 1200 4691 etiamsi
1220 4625 1252 4690 id
1267 4627 1336 4692 lieri
1349 4645 1441 4711 posse

795 4737 843 4783 te
