3202 5446
183 430 289 500 Lmen
307 439 472 521 Punicus]
506 438 748 507 PRINCIPIA
772 442 1142 518 MATHEMATICA.
1422 472 1462 527 49

214 607 297 672 Nam
323 609 351 673 si
372 611 505 697 ungulus
527 611 580 675 ille
598 635 664 676 non
678 613 841 690 evanescit,
865 588 1036 679 continebit
1050 640 1141 683 arcus
1158 622 1189 684 A
1206 623 1233 684 C
1250 624 1278 686 B
1293 647 1364 689 cmn
1391 642 1459 692 tan-

176 727 263 803 gente
278 716 311 780 A
326 717 361 781 D
376 718 525 805 angulum
540 721 700 784 rectilineo
714 720 875 806 tequidem,
898 735 931 785 et
952 735 1118 807 propterea
1132 749 1295 795 curvatura
1309 732 1348 797 ud
1362 757 1461 818 punc-

107 867 114 871 ·
177 835 236 887 tum
252 825 285 888 A
298 846 366 888 non
380 826 440 889 erit
453 827 609 904 continua,
633 840 742 891 contra
755 827 953 912 hypothesin.
1430 878 1432 882 a

682 1022 858 1086 LEMMA
881 1022 958 1087 VII.

172 1165 275 1229 Bsdem
283 1166 396 1248 positis
400 1199 412 1237 ,-
428 1167 494 1228 dico
509 1168 587 1247 quod
599 1168 703 1229 ultima
718 1169 797 1230 ratio
819 1166 913 1243 arctis,
935 1168 1060 1244 chordae,
1077 1179 1105 1232 et
1119 1175 1267 1256 tangentis
1281 1179 1323 1238 ad
1336 1180 1455 1245 inuicem

642 1283 684 1336 est
698 1276 778 1336 ratio
793 1277 983 1357 aequalitatis.

210 1448 295 1512 Nam
316 1447 395 1510 dum
409 1459 560 1531 punctum
580 1447 608 1511 B
623 1447 663 1510 ed
684 1459 834 1532 punctum
851 1450 882 1510 A
896 1470 947 1510 ac-

172 1553 258 1631 oedit,
281 1551 496 1640 intelligantur
514 1573 636 1636 semper
658 1551 734 1615 AB
757 1564 788 1614 et
811 1551 945 1616 ADad
968 1521 998 1599 Α

170 1672 281 1740 puncta
296 1658 468 1745 longinqua
481 1656 503 1719 b
517 1679 553 1719 ac
568 1656 589 1718 d
602 1655 744 1740 produci,
769 1668 800 1719 et
815 1662 826 1741 (
843 1655 853 1680 ¹
871 1658 881 1736 )
898 1679 944 1719 se·

172 1763 252 1825 canti
277 1761 308 1826 B
333 1762 366 1827 D
391 1761 540 1847 parallela
563 1774 673 1848 agetur
698 1760 720 1824 b
745 1760 776 1824 d.
834 1761 943 1846 Sitque

173 1890 262 1931 arcus
288 1867 386 1931 Acb
408 1889 531 1951 semper
554 1867 661 1931 similis
685 1867 771 1930 arcui
796 1867 828 1930 A
852 1868 880 1931 C
903 1868 942 1930 B.

174 1969 215 2034 Et
227 1970 351 2055 punctis
366 1971 404 2047 A,
427 1970 654 2047 Bcoeuntibus,
681 1969 812 2057 angulus
828 1968 849 2032 d
864 1971 896 2034 A
911 1969 990 2066 b,R

170 2097 226 2159 per
235 2075 366 2138 Lemma
376 2076 526 2160 superius,
539 2086 713 2150 evanescet3
729 2075 861 2160 ideoque
875 2098 942 2139 rec·

170 2196 209 2242 ue
236 2201 358 2264 semper
385 2180 484 2243 finitae
509 2180 541 2243 A
562 2179 593 2256 b,
618 2181 649 2244 A
668 2178 699 2256 d,
730 2191 761 2242 et
782 2202 871 2243 arcus
893 2181 941 2244 in-

169 2283 333 2348 termedius
360 2284 392 2347 A
421 2305 438 2346 c
467 2282 489 2345 b
514 2281 698 2359 coincident,
722 2295 754 2346 et
773 2296 940 2368 propterea
1036 2302 1040 2311 ’

165 2388 297 2474 equales
319 2401 422 2452 erunt.
469 2387 562 2452 Unde
584 2401 616 2451 et
629 2386 715 2451 hisce
730 2410 852 2472 semper
865 2412 939 2474 pro-

163 2491 349 2575 portionales
369 2504 463 2555 rectae
479 2492 510 2555 A
529 2492 567 2568 B,
579 2493 616 2555 -A
631 2491 682 2569 D,
692 2505 724 2555 et
737 2513 827 2555 arcus
842 2493 938 2557 inter-
969 2535 989 2583 Γ

163 2595 279 2659 medius
303 2598 336 2659 A
353 2595 427 2659 CB
449 2608 641 2671 evanescent,
664 2607 696 2658 et
718 2595 869 2659 rationem
891 2599 938 2661 ul·

163 2701 264 2766 timam
278 2702 443 2766 habebunt
456 2701 649 2788 aequalitatis.
694 2700 736 2776 Q.
752 2724 779 2764 e.
795 2701 826 2765 d.

163 2882 226 2929 pram
236 2867 367 2922 rectilinea,
386 2878 410 2914 et
419 2882 478 2914 aree
498 2878 553 2916 sunt
563 2868 588 2915 in
599 2867 717 2928 duplicati
728 2868 786 2916 late·
817 2871 879 2919 dinis
895 2874 982 2937 gradm
1000 2876 1061 2924 inter
1071 2876 1186 2939 angulum
1204 2877 1224 2925 C
1239 2879 1261 2924 A
1274 2879 1304 2937 B,
1325 2889 1349 2927 et
1359 2895 1381 2938 o,
1400 2897 1442 2930 seu

163 2946 215 2978 rum.
251 2934 284 2988 Q
299 2946 322 2978 e.
335 2931 360 2978 d·
817 2936 918 2984 nihilum
935 2940 1024 2987 medios
1040 2950 1140 2988 transeat
1154 2942 1288 3003 priusquam
1300 2943 1380 2990 nullus
1390 2961 1441 2992 om.

817 3001 874 3048 nino
895 3003 935 3061 sit3
952 3005 1014 3066 quod
1033 3005 1159 3074 generatim
1182 3006 1333 3053 statuendmu
1354 3018 1389 3056 est
1410 3010 1441 3058 de

816 3068 926 3114 omnibus
942 3069 1116 3130 quantitatibus,
1136 3085 1188 3131 quae
1207 3081 1374 3119 nascuntur·et
1384 3089 1440 3120 con-

816 3128 885 3177 tiuud
904 3143 1018 3188 creseunt,
1041 3133 1078 3179 vei
1097 3149 1150 3196 quae
1171 3133 1283 3182 continue
1304 3135 1441 3186 decrescunt

816 3204 840 3240 et
857 3195 950 3242 tandem
967 3207 1120 3255 evanescunt3
1137 3213 1185 3244 non
1200 3209 1298 3258 possunt
1308 3200 1371 3247 enim
1382 3217 1438 3248 con·

816 3257 883 3305 tinud
904 3275 1004 3307 crescere
1021 3261 1057 3308 vel
1074 3261 1210 3317 decrescere,
1228 3277 1272 3310 nec
1291 3265 1320 3309 ab
1338 3280 1388 3312 uno
1399 3281 1438 3312 ex-

816 3333 890 3370 tremo
906 3325 937 3371 ad
955 3325 1054 3373 alterum
1072 3326 1198 3387 pervenire,
1216 3326 1274 3388 quin
1295 3343 1336 3387 per
1358 3344 1439 3377 omues

815 3387 902 3448 gradus
915 3389 1084 3452 magnitudinis
1102 3390 1162 3436 inter
1177 3389 1226 3437 duo
1236 3400 1339 3439 extrema
1350 3393 1439 3440 medios

815 3461 939 3500 nauseant.
985 3455 1067 3515 Itaque
1084 3454 1146 3500 iuter
1166 3463 1302 3517 tangentem
1322 3457 1345 3502 A
1370 3457 1397 3513 1²,
1415 3470 1439 3504 et

815 3515 924 3563 chordam
943 3517 1115 3564 infinitesimam
1136 3519 1190 3572 Ab,
1209 3518 1274 3565 nulla
1293 3518 1347 3566 duci
1364 3531 1440 3581 potest

814 3581 876 3626 linea
893 3591 961 3636 recta,
979 3598 1032 3643 quae
1051 3581 1166 3644 angulum
1181 3583 1275 3629 finitum
1285 3599 1339 3630 cum
1351 3585 1438 3633 chordt

815 3645 851 3690 vel
862 3655 971 3707 tangente
982 3646 1067 3693 efficiet
1073 3665 1081 3705 ;
1095 3645 1193 3708 ideoque
1203 3648 1264 3693 inter
1273 3663 1354 3694 arcum
1367 3651 1390 3695 A
1403 3650 1433 3703 B.

814 3719 837 3756 et
855 3719 989 3771 tangentem
1003 3711 1026 3756 A
1040 3710 1066 3765 F,
1084 3710 1150 3756 nulla
1160 3710 1214 3757 duci
1230 3720 1305 3771 potest
1315 3711 1377 3759 lines
1387 3728 1436 3760 rec-

813 3783 837 3820 ta
847 3789 900 3835 quse
911 3789 990 3820 arcum
1001 3789 1049 3820 non
1060 3783 1127 3821 secet.

845 3839 878 3898 (¹)
905 3843 956 3885 114.
983 3840 1068 3885 Secans
1091 3840 1115 3885 lt
1139 3840 1169 3893 Ι),
1187 3840 1325 3899 supponitur
1345 3856 1437 3902 semper

812 3901 902 3948 efficere
912 3918 968 3949 cum
978 3912 1089 3965 tangente
1101 3905 1124 3949 A
1139 3904 1163 3950 D
1174 3914 1197 3950 et
1208 3904 1294 3951 chordd
1306 3905 1329 3950 A
1342 3905 1372 3959 B,
1393 3922 1434 3952 an-

190 3969 224 4032 (Ι)
244 3973 298 4017 na,
314 3968 394 4016 cum
415 3968 527 4016 munus
547 3970 570 4017 B
591 3969 621 4022 A,
641 3969 781 4016 mnudemi
812 3965 881 4028 udos
902 3965 986 4020 finitos,
1014 3977 1056 4013 aut
1076 3966 1175 4028 angulos
1198 3966 1228 4013 ad
1254 3984 1313 4029 quos
1333 3970 1435 4030 nugatus

159 4044 355 4095 pontanquum
370 4031 485 4092 descripta
494 4043 561 4081 motu
579 4033 659 4093 puncti
673 4034 694 4081 B
706 4035 781 4081 conti.
813 4045 950 4077 evanescens
970 4032 992 4078 B
1007 4032 1029 4077 A
1043 4032 1075 4088 D,
1094 4031 1207 4078 rationem
1225 4033 1294 4078 habet
1313 4032 1435 4081 intinited.

157 4096 204 4145 aas
221 4096 335 4144 mutantis
350 4096 501 4143 directionem
512 4097 634 4160 suamqui
643 4110 685 4157 per
695 4107 780 4145 rectam
812 4109 888 4150 mam;
905 4110 960 4141 nam
1016 4094 1097 4157 auguli
1110 4096 1133 4141 A
1148 4097 1167 4141 B
1181 4096 1213 4149 D,
1236 4096 1294 4143 BA
1309 4097 1340 4152 D,
1358 4111 1435 4147 essent

156 4171 292 4225 ungam
304 4161 325 4209 Β
338 4161 365 4215 c,
386 4159 494 4223 progredi
507 4162 596 4209 nititur.
634 4161 703 4208 Unde
714 4163 734 4208 si
744 4178 780 4209 ar.
812 4158 916 4220 ejusdem
935 4158 1186 4213 mdinm‘infiuitedmi‚
1206 4158 1316 4222 trianguli
1335 4163 1358 4209 A
1372 4163 1394 4210 B
1408 4165 1433 4212 D

156 4242 196 4273 ars
209 4227 232 4273 A
248 4227 276 4278 B,
295 4225 323 4272 fit
337 4224 424 4287 ubique
435 4240 513 4271 versus
523 4226 630 4272 eamdem
640 4237 730 4288 partem
743 4227 775 4280 X,
808 4222 881 4270 latera
892 4223 979 4270 finitam
990 4224 1101 4270 haberent
1117 4223 1177 4270 inter
1187 4239 1211 4269 se
1222 4224 1342 4270 rationem.
1380 4228 1432 4274 Au-

155 4305 232 4345 em,
243 4304 380 4351 eempesque
387 4288 504 4336 ducantur
511 4300 633 4353 ungentes
643 4290 665 4337 A
676 4291 701 4344 F,
716 4292 737 4336 B
748 4291 776 4344 c,
809 4287 881 4349 gulus
897 4288 960 4333 enim
978 4296 1087 4335 externus
1108 4288 1130 4334 B
1149 4288 1174 4336 D
1190 4287 1212 4345 d,
1230 4288 1326 4349 aequalis
1339 4289 1432 4338 duobus

154 4370 202 4402 ια
212 4354 378 4401 inmte·
388 4352 413 4398 in
426 4353 453 4406 C,
473 4354 595 4401 secedente
606 4365 694 4414 puncto
706 4356 735 4404 B.
747 4354 777 4401 ad
808 4350 906 4398 internis
922 4351 1033 4412 oppositis
1051 4351 1076 4399 D
1090 4353 1113 4398 A
1127 4353 1156 4406 13,
1176 4352 1200 4399 D
1214 4353 1234 4398 B
1247 4352 1278 4406 A,
1296 4363 1355 4401 esset
1370 4356 1432 4417 ejus-

155 4424 184 4475 A,
198 4418 282 4480 mpii
296 4419 318 4465 B
332 4418 352 4465 C
366 4416 393 4471 F,
411 4417 469 4464 BA
483 4417 510 4470 C,
533 4419 553 4466 C
572 4420 593 4464 B
608 4420 639 4472 A.
656 4435 715 4481 quos
725 4428 776 4466 tan·
808 4414 863 4461 dem
880 4414 967 4461 ordinis
983 4431 1038 4462 cum
1055 4415 1101 4461 illis
1119 4415 1222 4476 angulis;
1239 4426 1263 4462 et
1279 4419 1389 4479 quoniam
1405 4419 1431 4465 in

152 4493 234 4546 gentes
250 4492 274 4529 et
285 4481 377 4528 chordae
387 4481 580 4541 complectuntur,
596 4482 715 4540 continuis,
728 4498 776 4530 non
808 4478 873 4526 omni
883 4479 1001 4542 triangulo
1018 4479 1089 4526 latera
1105 4492 1160 4526 sunt
1175 4489 1203 4526 ut
1213 4480 1278 4526 sinus
1289 4482 1430 4545 angulomm

152 4546 206 4595 ue
226 4562 269 4606 per
293 4546 387 4598 animm,
410 4545 552 4601 demunt,
579 4557 603 4593 et
627 4557 777 4594 evanescente
808 4542 972 4604 oppositorum.
988 4543 1061 4590 lutera
1084 4545 1106 4591 Α
1129 4544 1157 4598 Β,
1184 4545 1255 4598 BD,
1281 4547 1304 4592 Α
1324 4548 1355 4601 D»
1377 4546 1430 4591 fini·

150 4610 237 4659 eburdh
250 4613 270 4657 A
283 4612 305 4664 h.
325 4620 473 4662 evanescunt.
489 4621 559 4671 atque
570 4610 707 4674 nulli-fiunt,
719 4611 777 4658 dum
809 4618 857 4654 tam
868 4609 979 4654 rationem
991 4609 1101 4655 heberent
1111 4608 1206 4654 sinuum
1217 4608 1357 4671 ungulorum
1368 4610 1429 4670 ejus-

151 4686 267 4735 pnnceum
286 4677 308 4728 h,
329 4672 774 4733 idemomnindestcumpunctoA.
810 4671 863 4718 dem
881 4671 1008 4720 ordinisB
1031 4671 1095 4726 Dd,
1114 4673 1139 4717 D
1158 4672 1180 4719 A
1199 4673 1229 4728 B,
1249 4672 1430 4729 ABD;cuut

152 4738 252 4787 Nm
269 4738 344 4802 igitur
360 4747 396 4784 est
413 4740 443 4785 oh
453 4739 631 4787 continuitatem
641 4737 774 4786 decrernen-
806 4747 885 4782 sutem
895 4737 976 4799 anguli
991 4737 1048 4782 Aet
1060 4737 1094 4789 B.
1104 4748 1268 4797 supponuntur
1277 4736 1428 4792 infinitesimi,

152 4812 236 4858 mm,
255 4813 284 4849 ut
294 4800 399 4863 augerius
412 4802 432 4848 C
446 4805 468 4849 A
479 4805 501 4855 b,
513 4818 554 4862 pet
565 4817 646 4850 omnes
656 4803 774 4865 magnitu·
784 4800 908 4914 l‚angulus
930 4804 951 4846 A
971 4801 995 4847 D
1009 4802 1035 4854 B,
1053 4810 1088 4846 est
1104 4803 1206 4858 obtusus,
1223 4798 1327 4862 adeoque
1344 4800 1429 4847 chorda
