3202 5446
241 472 303 531 856
541 461 878 532 PHILOSOPHIAE
899 462 1173 531 NATURALIS
1244 462 1355 545 [Mor.
1371 461 1529 538 Canto!-

241 636 398 723 duplicati
413 637 639 715 distantiarum,
655 637 681 701 si
695 637 815 701 minora
829 637 912 702 circs
925 639 1096 703 maximum
1111 637 1144 700 in
1159 636 1328 723 ellipsibus,
1343 638 1527 705 umbilicum

240 770 436 815 communem
450 748 483 810 in
497 748 626 811 maximi
641 747 723 811 illius
738 761 844 811 centro
858 746 1055 824 habentibus,
1079 747 1127 832 (²)
1143 769 1237 834 quam
1257 748 1326 812 fieri
1347 761 1456 833 potest
1477 770 1527 815 ao·

240 854 439 919 curatissimis
455 854 670 930 revolvantur3
692 866 725 918 et
746 853 840 917 radiis
864 852 906 916 ad
927 852 1098 923 maximum
1120 852 1199 916 illud
1223 852 1324 917 ductis
1349 853 1527 922 describant

240 984 328 1026 areas
343 961 533 1045 temporibus
548 982 641 1046 quam
656 959 791 1023 maxime
804 958 1069 1043 proportionales:
1093 974 1185 1023 amnt
1210 981 1378 1044 corporum
1401 960 1527 1028 illorum

240 1069 319 1132 vires
334 1068 483 1132 absolutae
498 1067 537 1131 ad
553 1067 693 1144 invicem,
709 1082 763 1131 aut
778 1065 920 1130 accurate
935 1079 989 1130 aut
1003 1066 1250 1152 quamproxime,
1273 1066 1306 1130 in
1321 1067 1443 1133 ratione
1458 1091 1527 1135 cor·

240 1197 372 1260 porum3
395 1186 427 1238 et
452 1176 492 1260 (¹¹)
517 1187 634 1238 conus.
680 1175 771 1240 Patet
784 1197 841 1259 per
857 1173 963 1239 Cerol.
980 1174 1076 1259 Prup.
1092 1175 1255 1241 LXVIII.
1279 1174 1430 1242 collatum
1455 1200 1526 1243 cum

240 1282 331 1368 hujus
346 1282 452 1347 Corol.
471 1291 498 1346 1.

803 1562 956 1627 scholium.

285 1732 347 1798 His
361 1732 623 1818 propositionibus
636 1732 875 1797 manuducimur
889 1733 929 1798 sd
944 1734 1119 1822 analogiam
1133 1734 1214 1799 inter
1229 1735 1310 1799 vires
1324 1735 1526 1822 centripstas,

239 1854 272 1905 et
285 1863 418 1926 corpora
431 1841 589 1919 centralis,
612 1841 652 1904 ad
667 1863 738 1926 quae
752 1843 831 1906 vires
845 1842 907 1904 illae
922 1842 1015 1929 dirigi
1035 1843 1144 1907 solent.
1191 1844 1320 1908 Rationi
1343 1845 1430 1909 enim
1451 1867 1529 1910 eou-

240 1962 422 2013 aentaneum
437 1961 493 2028 est,
510 1962 545 2013 ut
560 1950 650 2026 vires,
666 1970 736 2035 quae
751 1949 791 2013 ad
806 1971 938 2033 corpora
957 1949 1143 2037 diriguntur,
1167 1950 1325 2035 pendeant
1348 1951 1389 2016 ab
1413 1972 1529 2017 eonsu-

240 2058 312 2122 dem
327 2056 436 2122 nutari
453 2072 484 2122 et
498 2058 677 2144 quantitate,
693 2071 728 2120 ut
742 2058 779 2121 fit
793 2058 824 2119 in
839 2058 1029 2145 magneticis.
1075 2058 1118 2122 Et
1132 2059 1252 2145 quoties
1274 2058 1455 2144 hujusmodi
1476 2082 1527 2126 ca·

240 2190 293 2232 sus
306 2168 457 2244 incidunt,
474 2166 664 2231 aestimandae
678 2180 770 2230 erunt
785 2189 950 2251 corporum
972 2169 1180 2246 attractiones,
1208 2169 1395 2258 assignando
1419 2171 1529 2260 singu-

240 2276 280 2340 lis
295 2298 403 2340 eorum
418 2273 576 2359 particulis
590 2274 670 2337 vires
684 2275 836 2359 proprias,
853 2287 883 2338 ct
898 2275 1073 2363 colligendo
1088 2299 1223 2341 summas
1238 2278 1360 2341 virium.
1404 2277 1527 2345 vocem

239 2385 430 2450 attractionis
445 2382 495 2447 hic
509 2383 696 2470 generaliter
710 2406 827 2468 usurpo
840 2406 899 2468 pro
914 2407 1080 2470 corporum
1095 2398 1208 2450 conatu
1230 2409 1417 2474 quocunque
1439 2408 1529 2454 acce·

242 2492 337 2556 dendi
353 2491 391 2555 ad
408 2491 538 2556 invicem
549 2515 557 2554 ε
581 2491 644 2554 sive
660 2504 787 2553 conatus
802 2490 860 2554 iate
874 2492 929 2555 fist
944 2493 983 2556 ab
998 2492 1118 2556 actione
1133 2514 1299 2577 corporum
1310 2491 1360 2557 vel
1371 2514 1405 2558 se
1416 2507 1529 2560 mutuo

242 2600 425 2686 petentium,
441 2600 489 2664 vel
504 2620 560 2684 per
574 2599 698 2683 spiritus
713 2599 840 2663 emissos
855 2601 1034 2665 seinvicem
1048 2602 1232 2689 agitantium
1240 2626 1250 2680 3
1272 2603 1337 2667 sive
1360 2602 1386 2667 is
1411 2603 1454 2669 ab
1476 2627 1531 2671 ac-

240 2710 325 2773 tione
339 2707 474 2785 oetlreris,
490 2720 544 2772 sut
558 2706 646 2785 a'e'ris,
662 2706 794 2771 mediive
809 2708 1019 2795 cujuscunque
1034 2732 1089 2774 seu
1108 2710 1250 2794 corporei
1272 2733 1328 2775 seu
1349 2710 1530 2797 incorporei

241 2817 359 2881 oriatur
374 2837 509 2900 corpora
522 2815 693 2878 innatantia
708 2815 740 2877 in
764 2838 797 2878 se
822 2815 954 2880 invicem
979 2829 1135 2903 utcunque
1161 2817 1356 2902 impellentis.
1402 2817 1530 2885 Eodem

239 2946 333 2988 sensu
347 2922 486 3011 generali
508 2943 627 3005 usurpo
650 2944 757 2986 vocem
781 2924 928 3005 impulsus,
945 2945 1007 2986 non
1034 2925 1152 3007 species
1175 2925 1287 2987 virium
1310 2936 1342 2989 et
1364 2926 1531 3012 qualitates

239 3030 394 3117 physicas,
411 3029 466 3094 sed
481 3030 666 3115 quantitates
682 3041 713 3092 et
726 3030 942 3114 proportiones
958 3030 1189 3094 mathematicas
1204 3032 1236 3094 in
1251 3030 1311 3095 hoc
1326 3045 1461 3098 tractatu
1472 3055 1530 3099 ex·

238 3137 378 3222 pendens
393 3150 429 3201 ut
443 3138 474 3199 in
490 3136 722 3201 definitionibus
738 3137 882 3221 explicui.
927 3138 965 3202 In
982 3140 1112 3204 mathesi
1128 3140 1349 3229 investigandae
1363 3154 1439 3206 sunt
1451 3143 1529 3208 viri-

238 3268 292 3310 um
307 3247 491 3330 quantitates
507 3258 538 3308 et
552 3246 687 3308 rationes
702 3245 774 3322 illae,
792 3268 861 3331 quoe
876 3268 916 3309 ex
931 3246 1160 3311 conditionibus
1172 3248 1406 3336 quibuscunque
1417 3250 1529 3334 positis

239 3368 487 3442 consequentur:
511 3353 634 3431 deinde,
652 3355 705 3418 ubi
721 3356 751 3417 in
767 3354 926 3441 physicam
942 3355 1140 3421 descenditur
1162 3357 1359 3423 conferendae
1381 3373 1456 3424 sunt
1477 3359 1530 3425 hu

239 3465 375 3529 rationes
390 3486 461 3527 cum
476 3463 707 3547 phoenomenis3
730 3478 764 3527 ut
779 3463 951 3527 innotescat
965 3487 1108 3550 quaenam
1123 3466 1234 3529 virium
1250 3465 1444 3531 conditiones
1465 3468 1530 3533 sin·

237 3572 320 3660 gulis
337 3593 504 3655 corporum
519 3571 750 3634 attractirorum
765 3570 932 3658 generibus
947 3583 1133 3656 competant
1181 3572 1223 3636 Et
1246 3585 1313 3636 tum
1336 3572 1466 3638 demum
1488 3574 1531 3641 da

240 3681 353 3744 virium
368 3678 541 3763 speciebus,
568 3679 668 3742 causis
694 3693 725 3742 et
750 3678 921 3741 rationibus
947 3677 1082 3764 physicis
1106 3681 1201 3744 tutius
1227 3681 1386 3765 disputare
1411 3683 1529 3749 licebit·

241 3786 412 3852 Videamus
428 3786 522 3872 igitur
537 3786 649 3871 quibus
664 3785 780 3849 viribus
795 3806 927 3870 corpora
941 3785 1101 3869 sphaerica,
1118 3809 1158 3851 ex
1171 3789 1331 3874 particulis
1345 3789 1443 3854 modo
1458 3793 1529 3879 Jum

238 3897 381 3983 exposito
396 3896 563 3959 attractivis
578 3895 761 3974 constantis,
777 3895 911 3959 debeant
924 3895 956 3958 in
972 3919 1005 3959 se
1020 3894 1129 3959 mutui)
1143 3920 1256 3985 agere;
1279 3911 1310 3963 et
1331 3899 1438 3986 quales
1458 3922 1528 3967 mo·

238 4020 288 4073 tus
304 4005 376 4070 inde
391 4019 628 4090 consequantur.

271 4197 312 4262 (¹¹²)
331 4201 344 4227 0
365 4197 506 4259 Quassflai
517 4205 589 4258 peras
605 4198 779 4244 accumbans&
794 4199 864 4244 mst-
896 4197 1024 4250 rolrsntur.
1045 4206 1069 4243 et
1087 4195 1156 4243 radiis
1174 4194 1205 4243 sd
1222 4194 1350 4243 marimum
1368 4195 1430 4246 illud
1445 4197 1527 4249 m

239 4272 332 4317 meur,
349 4271 376 4309 ut
390 4260 415 4307 iu
425 4258 518 4310 duobus
525 4260 618 4308 nabas
630 4260 699 4323 Prap.
714 4267 752 4310 65·
774 4263 864 4321 exposi-
895 4261 1098 4337 describentem
1108 4260 1250 4335 temporibus
1265 4275 1336 4322 quam
1352 4260 1454 4336 maximi
1470 4278 1528 4325 pro-

239 4336 344 4451 ‘millait
359 4387 491 4438 Etccntrrl.
527 4389 552 4437 Si
564 4388 755 4450 rimeorparum
771 4389 865 4437 illorum
898 4405 950 4436 rum
972 4390 1031 4436 vires
1051 4324 1528 4443 :effidiloedmmxutminm

241 4451 867 4514 ubsoluoedntadinricemiumtionsmrpommet
897 4453 1015 4514 duplicati
1032 4453 1192 4503 &aarum
1211 4462 1252 4500 sut
1270 4451 1377 4502 muna
1395 4465 1438 4503 tut
1451 4470 1527 4519 qm

241 4517 331 4591 minqm
351 4532 447 4579 carpum
467 4516 528 4565 circi
547 4518 865 4595 assumaminellipsibus
895 4516 1014 4579 proriml;
1032 4518 1180 4580 utliquetex
1193 4516 1271 4565 Caml.
1283 4515 1320 4564 2⁰.
1336 4517 1408 4582 Prop.
1422 4524 1461 4570 58,
1474 4521 1529 4571 m}-

242 4581 388 4702 pan-bala&
395 4581 866 4709 mqugpprggurgg'qllmutg
896 4583 944 4632 lato
953 4597 1008 4630 cum
1022 4581 1093 4645 Prop.
1106 4588 1145 4629 64.
1158 4585 1198 4630 85.
