<?xml version="1.0" encoding="UTF-8"?>
<!DOCTYPE html PUBLIC "-//W3C//DTD XHTML 1.0 Transitional//EN"
    "http://www.w3.org/TR/xhtml1/DTD/xhtml1-transitional.dtd">
<html xmlns="http://www.w3.org/1999/xhtml" xml:lang="en" lang="en">
 <head>
  <title>
</title>
<meta http-equiv="Content-Type" content="text/html;charset=utf-8" />
  <meta name='ocr-system' content='tesseract 3.04.00' />
  <meta name='ocr-capabilities' content='ocr_page ocr_carea ocr_par ocr_line ocrx_word'/>
</head>
<body>
  <div class='ocr_page' id='page_1' title='image "./philosophiaenat00newtgoog_0684.png"; bbox 0 0 3188 5444; ppageno 0'>
   <div class='ocr_carea' id='block_1_1' title="bbox 167 394 1452 536">
    <p class='ocr_par' dir='ltr' id='par_1_1' title="bbox 167 394 1452 536">
     <span class='ocr_line' id='line_1_1' title="bbox 167 394 1452 536; baseline -0.012 -5"><span class='ocrx_word' id='word_1_1' title='bbox 167 468 228 536; x_wconf 72' lang='lat' dir='ltr'><strong>cto</strong></span> <span class='ocrx_word' id='word_1_2' title='bbox 460 450 803 525; x_wconf 73' lang='lat' dir='ltr'><strong>aurcosornnu</strong></span> <span class='ocrx_word' id='word_1_3' title='bbox 827 394 1103 515; x_wconf 70' lang='lat' dir='ltr'><strong>urrunnun</strong></span> <span class='ocrx_word' id='word_1_4' title='bbox 1170 446 1452 528; x_wconf 65' lang='lat' dir='ltr'><strong>[mancam.</strong></span> 
     </span>
    </p>
   </div>
   <div class='ocr_carea' id='block_1_2' title="bbox 150 613 1453 704">
    <p class='ocr_par' dir='ltr' id='par_1_2' title="bbox 150 613 1453 704">
     <span class='ocr_line' id='line_1_2' title="bbox 150 613 1453 704; baseline -0.012 -3"><span class='ocrx_word' id='word_1_5' title='bbox 150 633 282 701; x_wconf 70' lang='lat' dir='ltr'><strong>laad</strong></span> <span class='ocrx_word' id='word_1_6' title='bbox 297 613 450 696; x_wconf 60' lang='lat' dir='ltr'><strong>tammam</strong></span> <span class='ocrx_word' id='word_1_7' title='bbox 474 625 664 693; x_wconf 61' lang='lat' dir='ltr'><strong>orfanorum</strong></span> <span class='ocrx_word' id='word_1_8' title='bbox 685 623 717 688; x_wconf 82' lang='lat' dir='ltr'><strong>n</strong></span> <span class='ocrx_word' id='word_1_9' title='bbox 733 623 763 687; x_wconf 82' lang='lat' dir='ltr'><strong>a</strong></span> <span class='ocrx_word' id='word_1_10' title='bbox 777 632 810 685; x_wconf 69' lang='lat' dir='ltr'><strong>et</strong></span> <span class='ocrx_word' id='word_1_11' title='bbox 825 618 899 685; x_wconf 77' lang='lat' dir='ltr'><strong>aa</strong></span> <span class='ocrx_word' id='word_1_12' title='bbox 923 617 962 702; x_wconf 64' lang='grc' dir='ltr'><strong>(ο)</strong></span> <span class='ocrx_word' id='word_1_13' title='bbox 977 617 1211 684; x_wconf 62' lang='lat' dir='ltr'><strong>..remum</strong></span> <span class='ocrx_word' id='word_1_14' title='bbox 1232 616 1330 704; x_wconf 77' lang='lat' dir='ltr'><strong>nupn</strong></span> <span class='ocrx_word' id='word_1_15' title='bbox 1351 619 1453 685; x_wconf 59' lang='lat' dir='ltr'><strong>aaut</strong></span> 
     </span>
    </p>
   </div>
   <div class='ocr_carea' id='block_1_3' title="bbox 150 738 1453 898">
    <p class='ocr_par' dir='ltr' id='par_1_3' title="bbox 150 738 1453 898">
     <span class='ocr_line' id='line_1_3' title="bbox 150 738 494 826; baseline -0.02 -16"><span class='ocrx_word' id='word_1_16' title='bbox 150 749 181 810; x_wconf 86' lang='lat' dir='ltr'>A</span> <span class='ocrx_word' id='word_1_17' title='bbox 198 744 225 808; x_wconf 89' lang='lat' dir='ltr'>B</span> <span class='ocrx_word' id='word_1_18' title='bbox 241 764 337 826; x_wconf 87' lang='lat' dir='ltr'><strong>supra</strong></span> <span class='ocrx_word' id='word_1_19' title='bbox 350 738 494 804; x_wconf 82' lang='lat' dir='ltr'><strong>fundum.</strong></span> 
     </span>
     <span class='ocr_line' id='line_1_4' title="bbox 195 814 1453 898; baseline -0.01 -2"><span class='ocrx_word' id='word_1_20' title='bbox 195 834 294 896; x_wconf 84' lang='lat' dir='ltr'><strong>Carol.</strong></span> <span class='ocrx_word' id='word_1_21' title='bbox 312 837 341 898; x_wconf 87' lang='grc'><strong>7.</strong></span> <span class='ocrx_word' id='word_1_22' title='bbox 389 828 423 893; x_wconf 91' lang='lat' dir='ltr'><strong>Si</strong></span> <span class='ocrx_word' id='word_1_23' title='bbox 445 827 479 889; x_wconf 94' lang='lat' dir='ltr'><strong>in</strong></span> <span class='ocrx_word' id='word_1_24' title='bbox 500 824 606 888; x_wconf 91' lang='lat' dir='ltr'><strong>medio</strong></span> <span class='ocrx_word' id='word_1_25' title='bbox 620 820 781 886; x_wconf 81' lang='lat' dir='ltr'><strong>foraminis</strong></span> <span class='ocrx_word' id='word_1_26' title='bbox 799 819 829 883; x_wconf 78' lang='lat' dir='ltr'><strong>E</strong></span> <span class='ocrx_word' id='word_1_27' title='bbox 845 818 873 882; x_wconf 89' lang='lat' dir='ltr'><strong>F</strong></span> <span class='ocrx_word' id='word_1_28' title='bbox 887 816 1008 882; x_wconf 84' lang='lat' dir='ltr'><strong>locetur</strong></span> <span class='ocrx_word' id='word_1_29' title='bbox 1022 814 1222 897; x_wconf 57' lang='lat' dir='ltr'><strong>circellue.P</strong></span> <span class='ocrx_word' id='word_1_30' title='bbox 1238 815 1275 892; x_wconf 88' lang='lat' dir='ltr'>Q</span> <span class='ocrx_word' id='word_1_31' title='bbox 1291 828 1402 882; x_wconf 84' lang='lat' dir='ltr'><strong>centro</strong></span> <span class='ocrx_word' id='word_1_32' title='bbox 1423 817 1453 884; x_wconf 89' lang='lat' dir='ltr'>G</span> 
     </span>
    </p>
   </div>
   <div class='ocr_carea' id='block_1_4' title="bbox 148 923 1452 1254">
    <p class='ocr_par' dir='ltr' id='par_1_4' title="bbox 148 923 1452 1254">
     <span class='ocr_line' id='line_1_5' title="bbox 149 923 1452 1025; baseline -0.013 -19"><span class='ocrx_word' id='word_1_33' title='bbox 149 940 324 1025; x_wconf 86' lang='lat' dir='ltr'><strong>descriptus</strong></span> <span class='ocrx_word' id='word_1_34' title='bbox 340 951 372 1004; x_wconf 93' lang='lat' dir='ltr'><strong>et</strong></span> <span class='ocrx_word' id='word_1_35' title='bbox 385 937 541 1002; x_wconf 84' lang='lat' dir='ltr'><strong>horizonti</strong></span> <span class='ocrx_word' id='word_1_36' title='bbox 562 931 749 1019; x_wconf 85' lang='lat' dir='ltr'><strong>parallelus:</strong></span> <span class='ocrx_word' id='word_1_37' title='bbox 772 927 898 1016; x_wconf 85' lang='lat' dir='ltr'><strong>pondus</strong></span> <span class='ocrx_word' id='word_1_38' title='bbox 913 949 1004 1015; x_wconf 82' lang='lat' dir='ltr'><strong>aqure</strong></span> <span class='ocrx_word' id='word_1_39' title='bbox 1018 947 1114 1014; x_wconf 90' lang='lat' dir='ltr'><strong>quam</strong></span> <span class='ocrx_word' id='word_1_40' title='bbox 1129 923 1281 990; x_wconf 82' lang='lat' dir='ltr'><strong>circellua</strong></span> <span class='ocrx_word' id='word_1_41' title='bbox 1296 924 1353 990; x_wconf 88' lang='lat' dir='ltr'><strong>ille</strong></span> <span class='ocrx_word' id='word_1_42' title='bbox 1366 927 1452 991; x_wconf 79' lang='lat' dir='ltr'><strong>msti-</strong></span> 
     </span>
     <span class='ocr_line' id='line_1_6' title="bbox 148 1038 797 1133; baseline -0.018 -20"><span class='ocrx_word' id='word_1_43' title='bbox 148 1061 213 1126; x_wconf 87' lang='lat' dir='ltr'><strong>net‚</strong></span> <span class='ocrx_word' id='word_1_44' title='bbox 224 1098 226 1103; x_wconf 83' lang='lat'><strong>.</strong></span> <span class='ocrx_word' id='word_1_45' title='bbox 236 1049 337 1133; x_wconf 90' lang='lat' dir='ltr'><strong>majus</strong></span> <span class='ocrx_word' id='word_1_46' title='bbox 360 1057 408 1110; x_wconf 93' lang='lat' dir='ltr'><strong>est</strong></span> <span class='ocrx_word' id='word_1_47' title='bbox 427 1043 568 1128; x_wconf 90' lang='lat' dir='ltr'><strong>pondere</strong></span> <span class='ocrx_word' id='word_1_48' title='bbox 582 1045 684 1105; x_wconf 83' lang='lat' dir='ltr'><strong>tertioe</strong></span> <span class='ocrx_word' id='word_1_49' title='bbox 698 1038 797 1123; x_wconf 79' lang='lat' dir='ltr'><strong>partia</strong></span> 
     </span>
     <span class='ocr_line' id='line_1_7' title="bbox 150 1148 948 1254; baseline -0.009 -34"><span class='ocrx_word' id='word_1_50' title='bbox 150 1154 286 1242; x_wconf 87' lang='lat' dir='ltr'><strong>cylindri</strong></span> <span class='ocrx_word' id='word_1_51' title='bbox 301 1176 393 1240; x_wconf 86' lang='lat' dir='ltr'><strong>aquae</strong></span> <span class='ocrx_word' id='word_1_52' title='bbox 408 1148 496 1238; x_wconf 83' lang='lat' dir='ltr'><strong>cuju&#39;s</strong></span> <span class='ocrx_word' id='word_1_53' title='bbox 506 1153 590 1217; x_wconf 89' lang='lat' dir='ltr'><strong>basis</strong></span> <span class='ocrx_word' id='word_1_54' title='bbox 600 1164 648 1216; x_wconf 87' lang='lat' dir='ltr'><strong>est</strong></span> <span class='ocrx_word' id='word_1_55' title='bbox 659 1152 803 1216; x_wconf 84' lang='lat' dir='ltr'><strong>circellus</strong></span> <span class='ocrx_word' id='word_1_56' title='bbox 887 1195 925 1254; x_wconf 70' lang='lat' dir='ltr'><strong>K</strong></span> <span class='ocrx_word' id='word_1_57' title='bbox 947 1200 948 1204; x_wconf 65' lang='lat'>,</span> 
     </span>
    </p>
   </div>
   <div class='ocr_carea' id='block_1_5' title="bbox 149 1212 1433 1329">
    <p class='ocr_par' dir='ltr' id='par_1_5' title="bbox 149 1212 1433 1368">
     <span class='ocr_line' id='line_1_8' title="bbox 149 1212 1433 1329; baseline -0.009 -1"><span class='ocrx_word' id='word_1_58' title='bbox 149 1264 202 1329; x_wconf 89' lang='lat' dir='ltr'><strong>ille</strong></span> <span class='ocrx_word' id='word_1_59' title='bbox 225 1277 257 1328; x_wconf 93' lang='lat' dir='ltr'><strong>et</strong></span> <span class='ocrx_word' id='word_1_60' title='bbox 278 1262 411 1327; x_wconf 82' lang='lat' dir='ltr'>altitudo</span> <span class='ocrx_word' id='word_1_61' title='bbox 433 1274 480 1326; x_wconf 88' lang='lat' dir='ltr'><strong>est</strong></span> <span class='ocrx_word' id='word_1_62' title='bbox 503 1261 535 1325; x_wconf 92' lang='lat' dir='ltr'><strong>G</strong></span> <span class='ocrx_word' id='word_1_63' title='bbox 552 1262 599 1326; x_wconf 91' lang='lat' dir='ltr'><strong>H.</strong></span> <span class='ocrx_word' id='word_1_64' title='bbox 647 1262 695 1327; x_wconf 89' lang='lat' dir='ltr'><strong>Sit</strong></span> <span class='ocrx_word' id='word_1_65' title='bbox 718 1262 803 1325; x_wconf 91' lang='lat' dir='ltr'><strong>enim</strong></span> <span class='ocrx_word' id='word_1_66' title='bbox 899 1212 1433 1302; x_wconf 40' lang='grc' dir='ltr'><strong>-Ρ-ᾑφ</strong></span> 
     </span>
    </p>
   </div>
   <div class='ocr_carea' id='block_1_6' title="bbox 148 1207 1417 2221">
    <p class='ocr_par' dir='ltr' id='par_1_6' title="bbox 1135 1207 1156 1262">
     <span class='ocr_line' id='line_1_9' title="bbox 1135 1207 1156 1262; baseline 0 0"><span class='ocrx_word' id='word_1_67' title='bbox 1135 1207 1156 1262; x_wconf 89' lang='grc' dir='ltr'>Ι</span> 
     </span>
    </p>

    <p class='ocr_par' dir='ltr' id='par_1_7' title="bbox 148 1290 1417 2221">
     <span class='ocr_line' id='line_1_10' title="bbox 1149 1290 1417 1348; baseline -0.004 1"><span class='ocrx_word' id='word_1_68' title='bbox 1149 1290 1155 1338; x_wconf 79' lang='grc' dir='ltr'><em>Ξ</em></span> <span class='ocrx_word' id='word_1_69' title='bbox 1409 1301 1417 1348; x_wconf 75' lang='grc' dir='ltr'>ε</span> 
     </span>
     <span class='ocr_line' id='line_1_11' title="bbox 151 1326 1415 1468; baseline -0.007 -29"><span class='ocrx_word' id='word_1_70' title='bbox 151 1372 266 1439; x_wconf 87' lang='grc' dir='ltr'><strong>ΑΒΝ</strong></span> <span class='ocrx_word' id='word_1_71' title='bbox 283 1372 311 1436; x_wconf 89' lang='lat' dir='ltr'><strong>F</strong></span> <span class='ocrx_word' id='word_1_72' title='bbox 327 1370 407 1436; x_wconf 88' lang='grc' dir='ltr'><strong>ΕΜ</strong></span> <span class='ocrx_word' id='word_1_73' title='bbox 423 1383 579 1435; x_wconf 76' lang='lat' dir='ltr'><strong>cataracta</strong></span> <span class='ocrx_word' id='word_1_74' title='bbox 592 1370 642 1434; x_wconf 82' lang='lat' dir='ltr'><strong>vel</strong></span> <span class='ocrx_word' id='word_1_75' title='bbox 657 1369 804 1434; x_wconf 87' lang='lat' dir='ltr'><strong>colrunna</strong></span> <span class='ocrx_word' id='word_1_76' title='bbox 861 1343 895 1406; x_wconf 69' lang='grc' dir='ltr'><strong>Α</strong></span> <span class='ocrx_word' id='word_1_77' title='bbox 1138 1326 1200 1453; x_wconf 64' lang='grc' dir='ltr'><strong>,Η</strong></span> <span class='ocrx_word' id='word_1_78' title='bbox 1369 1444 1381 1468; x_wconf 34' lang='lat'><em>3</em></span> <span class='ocrx_word' id='word_1_79' title='bbox 1409 1371 1415 1381; x_wconf 87' lang='grc'><em>“</em></span> 
     </span>
     <span class='ocr_line' id='line_1_12' title="bbox 150 1459 1371 1568; baseline -0.008 -23"><span class='ocrx_word' id='word_1_80' title='bbox 150 1504 241 1568; x_wconf 83' lang='lat' dir='ltr'><strong>aquae</strong></span> <span class='ocrx_word' id='word_1_81' title='bbox 256 1479 397 1544; x_wconf 87' lang='lat' dir='ltr'><strong>cadentis</strong></span> <span class='ocrx_word' id='word_1_82' title='bbox 412 1501 505 1543; x_wconf 87' lang='lat' dir='ltr'>axem</span> <span class='ocrx_word' id='word_1_83' title='bbox 521 1478 642 1542; x_wconf 83' lang='lat' dir='ltr'><strong>habens</strong></span> <span class='ocrx_word' id='word_1_84' title='bbox 659 1476 692 1541; x_wconf 93' lang='lat' dir='ltr'>G</span> <span class='ocrx_word' id='word_1_85' title='bbox 710 1475 745 1540; x_wconf 93' lang='lat' dir='ltr'><em>H</em></span> <span class='ocrx_word' id='word_1_86' title='bbox 768 1488 804 1538; x_wconf 88' lang='lat' dir='ltr'><strong>ut</strong></span> <span class='ocrx_word' id='word_1_87' title='bbox 1134 1459 1154 1474; x_wconf 52' lang='lat'><strong>&#39;⁸</strong></span> <span class='ocrx_word' id='word_1_88' title='bbox 1364 1469 1371 1480; x_wconf 88' lang='lat'>&#39;</span> 
     </span>
     <span class='ocr_line' id='line_1_13' title="bbox 150 1586 837 1675; baseline -0.012 -23"><span class='ocrx_word' id='word_1_89' title='bbox 150 1612 255 1675; x_wconf 84' lang='lat' dir='ltr'><strong>supra,</strong></span> <span class='ocrx_word' id='word_1_90' title='bbox 283 1601 316 1652; x_wconf 91' lang='lat' dir='ltr'><strong>et</strong></span> <span class='ocrx_word' id='word_1_91' title='bbox 330 1587 490 1675; x_wconf 83' lang='lat' dir='ltr'><strong>congelari</strong></span> <span class='ocrx_word' id='word_1_92' title='bbox 504 1586 697 1674; x_wconf 83' lang='lat' dir='ltr'>intelligatur</span> <span class='ocrx_word' id='word_1_93' title='bbox 719 1607 802 1671; x_wconf 87' lang='lat' dir='ltr'><strong>aqua</strong></span> <span class='ocrx_word' id='word_1_94' title='bbox 835 1640 837 1644; x_wconf 76' lang='grc'><strong>,</strong></span> 
     </span>
     <span class='ocr_line' id='line_1_14' title="bbox 148 1694 806 1779; baseline -0.002 -20"><span class='ocrx_word' id='word_1_95' title='bbox 148 1697 251 1759; x_wconf 88' lang='lat' dir='ltr'><strong>omnis</strong></span> <span class='ocrx_word' id='word_1_96' title='bbox 266 1694 299 1757; x_wconf 93' lang='lat' dir='ltr'><strong>in</strong></span> <span class='ocrx_word' id='word_1_97' title='bbox 314 1718 397 1772; x_wconf 88' lang='lat' dir='ltr'><strong>vase,</strong></span> <span class='ocrx_word' id='word_1_98' title='bbox 416 1694 455 1779; x_wconf 74' lang='grc' dir='ltr'><strong>(Ρ)</strong></span> <span class='ocrx_word' id='word_1_99' title='bbox 472 1705 537 1757; x_wconf 92' lang='lat' dir='ltr'><strong>tam</strong></span> <span class='ocrx_word' id='word_1_100' title='bbox 559 1694 592 1757; x_wconf 94' lang='lat' dir='ltr'><strong>in</strong></span> <span class='ocrx_word' id='word_1_101' title='bbox 607 1695 738 1760; x_wconf 91' lang='lat' dir='ltr'><strong>circuitu</strong></span> <span class='ocrx_word' id='word_1_102' title='bbox 753 1716 806 1758; x_wconf 89' lang='lat' dir='ltr'><strong>ca·</strong></span> 
     </span>
     <span class='ocr_line' id='line_1_15' title="bbox 150 1805 804 1894; baseline -0.006 -22"><span class='ocrx_word' id='word_1_103' title='bbox 150 1819 278 1872; x_wconf 84' lang='lat' dir='ltr'><strong>taractae</strong></span> <span class='ocrx_word' id='word_1_104' title='bbox 293 1805 388 1894; x_wconf 76' lang='lat' dir='ltr'><strong>quim</strong></span> <span class='ocrx_word' id='word_1_105' title='bbox 403 1829 498 1892; x_wconf 88' lang='lat' dir='ltr'><strong>supra</strong></span> <span class='ocrx_word' id='word_1_106' title='bbox 520 1805 692 1883; x_wconf 82' lang='lat' dir='ltr'><strong>circellum,</strong></span> <span class='ocrx_word' id='word_1_107' title='bbox 715 1806 804 1889; x_wconf 80' lang='lat' dir='ltr'><strong>cujus</strong></span> 
     </span>
     <span class='ocr_line' id='line_1_16' title="bbox 148 1894 804 2001; baseline -0.005 -20"><span class='ocrx_word' id='word_1_108' title='bbox 148 1894 285 1981; x_wconf 83' lang='lat' dir='ltr'><strong>iluiditas</strong></span> <span class='ocrx_word' id='word_1_109' title='bbox 295 1917 336 1980; x_wconf 90' lang='lat' dir='ltr'><strong>ad</strong></span> <span class='ocrx_word' id='word_1_110' title='bbox 344 1915 615 2001; x_wconf 87' lang='lat' dir='ltr'><strong>promptissimum</strong></span> <span class='ocrx_word' id='word_1_111' title='bbox 626 1927 658 1980; x_wconf 90' lang='lat' dir='ltr'><strong>et</strong></span> <span class='ocrx_word' id='word_1_112' title='bbox 678 1915 804 1979; x_wconf 87' lang='lat' dir='ltr'><strong>celerri-</strong></span> 
     </span>
     <span class='ocr_line' id='line_1_17' title="bbox 149 2025 802 2115; baseline -0.005 -23"><span class='ocrx_word' id='word_1_113' title='bbox 149 2049 236 2092; x_wconf 92' lang='lat' dir='ltr'><strong>mum</strong></span> <span class='ocrx_word' id='word_1_114' title='bbox 260 2049 352 2115; x_wconf 75' lang='lat' dir='ltr'><strong>aquae</strong></span> <span class='ocrx_word' id='word_1_115' title='bbox 374 2027 560 2093; x_wconf 86' lang='lat' dir='ltr'><strong>descensum</strong></span> <span class='ocrx_word' id='word_1_116' title='bbox 582 2046 647 2089; x_wconf 92' lang='lat' dir='ltr'><strong>non</strong></span> <span class='ocrx_word' id='word_1_117' title='bbox 669 2025 802 2111; x_wconf 83' lang='lat' dir='ltr'><strong>requiri·</strong></span> 
     </span>
     <span class='ocr_line' id='line_1_18' title="bbox 151 2134 805 2221; baseline 0.002 -24"><span class='ocrx_word' id='word_1_118' title='bbox 151 2146 213 2199; x_wconf 90' lang='lat' dir='ltr'><strong>tur.</strong></span> <span class='ocrx_word' id='word_1_119' title='bbox 260 2134 303 2199; x_wconf 90' lang='lat' dir='ltr'><strong>Et</strong></span> <span class='ocrx_word' id='word_1_120' title='bbox 325 2135 366 2198; x_wconf 90' lang='lat' dir='ltr'><strong>sit</strong></span> <span class='ocrx_word' id='word_1_121' title='bbox 391 2135 419 2198; x_wconf 94' lang='lat' dir='ltr'><strong>P</strong></span> <span class='ocrx_word' id='word_1_122' title='bbox 436 2135 472 2199; x_wconf 93' lang='lat' dir='ltr'><strong>H</strong></span> <span class='ocrx_word' id='word_1_123' title='bbox 489 2135 523 2212; x_wconf 88' lang='lat' dir='ltr'>Q</span> <span class='ocrx_word' id='word_1_124' title='bbox 547 2135 693 2198; x_wconf 88' lang='lat' dir='ltr'><strong>columna</strong></span> <span class='ocrx_word' id='word_1_125' title='bbox 713 2156 805 2221; x_wconf 80' lang='lat' dir='ltr'><strong>aqnae</strong></span> 
     </span>
    </p>
   </div>
   <div class='ocr_carea' id='block_1_7' title="bbox 99 2228 1413 2416">
    <p class='ocr_par' dir='ltr' id='par_1_8' title="bbox 99 2228 1413 2416">
     <span class='ocr_line' id='line_1_19' title="bbox 99 2228 1252 2330; baseline -0.007 -24"><span class='ocrx_word' id='word_1_126' title='bbox 99 2228 102 2237; x_wconf 31' lang='lat'><strong><em>¹</em></strong></span> <span class='ocrx_word' id='word_1_127' title='bbox 149 2264 246 2326; x_wconf 83' lang='lat' dir='ltr'><strong>supra</strong></span> <span class='ocrx_word' id='word_1_128' title='bbox 267 2242 429 2307; x_wconf 81' lang='lat' dir='ltr'><strong>circellum</strong></span> <span class='ocrx_word' id='word_1_129' title='bbox 451 2242 625 2330; x_wconf 88' lang='lat' dir='ltr'><strong>congelata,</strong></span> <span class='ocrx_word' id='word_1_130' title='bbox 653 2241 803 2306; x_wconf 85' lang='lat' dir='ltr'><strong>verticem</strong></span> <span class='ocrx_word' id='word_1_131' title='bbox 1060 2302 1067 2325; x_wconf 31' lang='grc' dir='ltr'>ἒ</span> <span class='ocrx_word' id='word_1_132' title='bbox 1109 2317 1196 2328; x_wconf 57' lang='lat'><strong>...-</strong></span> <span class='ocrx_word' id='word_1_133' title='bbox 1245 2280 1252 2312; x_wconf 62' lang='lat'>2</span> 
     </span>
     <span class='ocr_line' id='line_1_20' title="bbox 147 2331 1413 2416; baseline -0.013 -1"><span class='ocrx_word' id='word_1_134' title='bbox 147 2349 267 2415; x_wconf 84' lang='lat' dir='ltr'><strong>habens</strong></span> <span class='ocrx_word' id='word_1_135' title='bbox 285 2350 322 2416; x_wconf 92' lang='lat' dir='ltr'>H</span> <span class='ocrx_word' id='word_1_136' title='bbox 337 2364 369 2415; x_wconf 91' lang='lat' dir='ltr'><strong>et</strong></span> <span class='ocrx_word' id='word_1_137' title='bbox 390 2350 588 2416; x_wconf 74' lang='lat' dir='ltr'><strong>altitudinem</strong></span> <span class='ocrx_word' id='word_1_138' title='bbox 611 2351 644 2416; x_wconf 91' lang='lat' dir='ltr'>G</span> <span class='ocrx_word' id='word_1_139' title='bbox 660 2350 708 2414; x_wconf 92' lang='lat' dir='ltr'><strong>H.</strong></span> <span class='ocrx_word' id='word_1_140' title='bbox 760 2349 804 2414; x_wconf 86' lang='lat' dir='ltr'><strong>Et</strong></span> <span class='ocrx_word' id='word_1_141' title='bbox 879 2331 906 2394; x_wconf 78' lang='lat' dir='ltr'><strong>c</strong></span> <span class='ocrx_word' id='word_1_142' title='bbox 1036 2334 1066 2391; x_wconf 68' lang='grc' dir='ltr'>Ε</span> <span class='ocrx_word' id='word_1_143' title='bbox 1088 2333 1160 2393; x_wconf 62' lang='lat' dir='ltr'><strong>PG</strong></span> <span class='ocrx_word' id='word_1_144' title='bbox 1182 2334 1218 2392; x_wconf 56' lang='grc' dir='ltr'><strong>θ’</strong></span> <span class='ocrx_word' id='word_1_145' title='bbox 1240 2336 1276 2389; x_wconf 71' lang='lat' dir='ltr'><strong>F</strong></span> <span class='ocrx_word' id='word_1_146' title='bbox 1380 2337 1413 2399; x_wconf 84' lang='lat' dir='ltr'>D</span> 
     </span>
    </p>
   </div>
   <div class='ocr_carea' id='block_1_8' title="bbox 146 2460 1448 3083">
    <p class='ocr_par' dir='ltr' id='par_1_9' title="bbox 147 2460 803 2549">
     <span class='ocr_line' id='line_1_21' title="bbox 147 2460 803 2549; baseline -0.002 -24"><span class='ocrx_word' id='word_1_147' title='bbox 147 2460 233 2549; x_wconf 89' lang='lat' dir='ltr'><strong>finge</strong></span> <span class='ocrx_word' id='word_1_148' title='bbox 248 2474 437 2525; x_wconf 76' lang='lat' dir='ltr'><strong>cataractam</strong></span> <span class='ocrx_word' id='word_1_149' title='bbox 451 2461 572 2525; x_wconf 86' lang='lat' dir='ltr'><strong>hancce</strong></span> <span class='ocrx_word' id='word_1_150' title='bbox 587 2460 729 2546; x_wconf 91' lang='lat' dir='ltr'><strong>pondere</strong></span> <span class='ocrx_word' id='word_1_151' title='bbox 745 2483 803 2525; x_wconf 92' lang='lat' dir='ltr'><strong>suo</strong></span> 
     </span>
    </p>

    <p class='ocr_par' dir='ltr' id='par_1_10' title="bbox 146 2565 1448 3083">
     <span class='ocr_line' id='line_1_22' title="bbox 148 2565 1447 2652; baseline 0.001 -22"><span class='ocrx_word' id='word_1_152' title='bbox 148 2579 216 2631; x_wconf 90' lang='lat' dir='ltr'><strong>toto</strong></span> <span class='ocrx_word' id='word_1_153' title='bbox 231 2568 342 2632; x_wconf 84' lang='lat' dir='ltr'><strong>cadere</strong></span> <span class='ocrx_word' id='word_1_154' title='bbox 357 2581 389 2632; x_wconf 92' lang='lat' dir='ltr'><strong>et</strong></span> <span class='ocrx_word' id='word_1_155' title='bbox 402 2590 470 2632; x_wconf 92' lang='lat' dir='ltr'><strong>non</strong></span> <span class='ocrx_word' id='word_1_156' title='bbox 485 2569 666 2632; x_wconf 88' lang='lat' dir='ltr'><strong>incumbere</strong></span> <span class='ocrx_word' id='word_1_157' title='bbox 681 2569 713 2631; x_wconf 92' lang='lat' dir='ltr'><strong>in</strong></span> <span class='ocrx_word' id='word_1_158' title='bbox 731 2569 758 2633; x_wconf 93' lang='lat' dir='ltr'><strong>P</strong></span> <span class='ocrx_word' id='word_1_159' title='bbox 775 2568 812 2632; x_wconf 96' lang='lat' dir='ltr'><strong>H</strong></span> <span class='ocrx_word' id='word_1_160' title='bbox 827 2569 870 2646; x_wconf 86' lang='lat' dir='ltr'><strong>Q,</strong></span> <span class='ocrx_word' id='word_1_161' title='bbox 887 2590 946 2632; x_wconf 90' lang='lat' dir='ltr'><strong>nec</strong></span> <span class='ocrx_word' id='word_1_162' title='bbox 961 2566 1091 2631; x_wconf 90' lang='lat' dir='ltr'><strong>eandem</strong></span> <span class='ocrx_word' id='word_1_163' title='bbox 1106 2588 1272 2652; x_wconf 89' lang='lat' dir='ltr'><strong>premere,</strong></span> <span class='ocrx_word' id='word_1_164' title='bbox 1289 2567 1347 2633; x_wconf 85' lang='lat' dir='ltr'><strong>aed</strong></span> <span class='ocrx_word' id='word_1_165' title='bbox 1359 2565 1447 2631; x_wconf 73' lang='lat' dir='ltr'><strong>libet</strong></span> 
     </span>
     <span class='ocr_line' id='line_1_23' title="bbox 148 2674 1448 2763; baseline 0.002 -25"><span class='ocrx_word' id='word_1_166' title='bbox 148 2685 180 2738; x_wconf 90' lang='lat' dir='ltr'><strong>et</strong></span> <span class='ocrx_word' id='word_1_167' title='bbox 194 2675 260 2738; x_wconf 90' lang='lat' dir='ltr'><strong>sine</strong></span> <span class='ocrx_word' id='word_1_168' title='bbox 274 2674 417 2740; x_wconf 85' lang='lat' dir='ltr'><strong>frictione</strong></span> <span class='ocrx_word' id='word_1_169' title='bbox 438 2675 628 2761; x_wconf 82' lang='lat' dir='ltr'><strong>praeterlabi,</strong></span> <span class='ocrx_word' id='word_1_170' title='bbox 651 2676 713 2740; x_wconf 81' lang='lat' dir='ltr'><strong>nisi</strong></span> <span class='ocrx_word' id='word_1_171' title='bbox 727 2675 808 2740; x_wconf 84' lang='lat' dir='ltr'><strong>forte</strong></span> <span class='ocrx_word' id='word_1_172' title='bbox 821 2675 854 2740; x_wconf 94' lang='lat' dir='ltr'><strong>in</strong></span> <span class='ocrx_word' id='word_1_173' title='bbox 870 2676 939 2761; x_wconf 92' lang='lat' dir='ltr'><strong>ipso</strong></span> <span class='ocrx_word' id='word_1_174' title='bbox 953 2676 1063 2763; x_wconf 82' lang='lat' dir='ltr'><strong>glaciei</strong></span> <span class='ocrx_word' id='word_1_175' title='bbox 1079 2675 1198 2738; x_wconf 83' lang='lat' dir='ltr'><strong>vertice</strong></span> <span class='ocrx_word' id='word_1_176' title='bbox 1214 2698 1285 2762; x_wconf 93' lang='lat' dir='ltr'><strong>quo</strong></span> <span class='ocrx_word' id='word_1_177' title='bbox 1300 2688 1448 2740; x_wconf 74' lang='lat' dir='ltr'><strong>cataracta</strong></span> 
     </span>
     <span class='ocr_line' id='line_1_24' title="bbox 146 2783 1446 2872; baseline 0.002 -25"><span class='ocrx_word' id='word_1_178' title='bbox 146 2783 218 2868; x_wconf 89' lang='lat' dir='ltr'><strong>ipso</strong></span> <span class='ocrx_word' id='word_1_179' title='bbox 232 2783 365 2848; x_wconf 90' lang='lat' dir='ltr'><strong>cadendi</strong></span> <span class='ocrx_word' id='word_1_180' title='bbox 380 2784 468 2849; x_wconf 91' lang='lat' dir='ltr'><strong>initio</strong></span> <span class='ocrx_word' id='word_1_181' title='bbox 483 2785 612 2870; x_wconf 88' lang='lat' dir='ltr'><strong>incipiat</strong></span> <span class='ocrx_word' id='word_1_182' title='bbox 625 2807 694 2849; x_wconf 75' lang='lat' dir='ltr'><strong>esse</strong></span> <span class='ocrx_word' id='word_1_183' title='bbox 709 2807 793 2849; x_wconf 87' lang='lat' dir='ltr'><strong>cava.</strong></span> <span class='ocrx_word' id='word_1_184' title='bbox 829 2785 872 2850; x_wconf 89' lang='lat' dir='ltr'><strong>Et</strong></span> <span class='ocrx_word' id='word_1_185' title='bbox 887 2783 1152 2872; x_wconf 87' lang='lat' dir='ltr'><strong>quemadmodum</strong></span> <span class='ocrx_word' id='word_1_186' title='bbox 1168 2806 1258 2870; x_wconf 88' lang='lat' dir='ltr'><strong>aqua</strong></span> <span class='ocrx_word' id='word_1_187' title='bbox 1273 2785 1446 2850; x_wconf 75' lang='lat' dir='ltr'><strong>incircuitu</strong></span> 
     </span>
     <span class='ocr_line' id='line_1_25' title="bbox 147 2893 1446 2983; baseline 0.002 -26"><span class='ocrx_word' id='word_1_188' title='bbox 147 2906 311 2959; x_wconf 84' lang='lat' dir='ltr'><strong>cataractae</strong></span> <span class='ocrx_word' id='word_1_189' title='bbox 335 2893 500 2983; x_wconf 84' lang='lat' dir='ltr'><strong>congelata</strong></span> <span class='ocrx_word' id='word_1_190' title='bbox 514 2896 546 2959; x_wconf 85' lang='lat' dir='ltr'>A</span> <span class='ocrx_word' id='word_1_191' title='bbox 563 2895 603 2960; x_wconf 93' lang='lat' dir='ltr'>M</span> <span class='ocrx_word' id='word_1_192' title='bbox 618 2894 648 2959; x_wconf 85' lang='grc' dir='ltr'>Ε</span> <span class='ocrx_word' id='word_1_193' title='bbox 664 2895 701 2972; x_wconf 91' lang='lat' dir='ltr'><strong>C,</strong></span> <span class='ocrx_word' id='word_1_194' title='bbox 728 2896 756 2960; x_wconf 91' lang='lat' dir='ltr'>B</span> <span class='ocrx_word' id='word_1_195' title='bbox 773 2897 805 2961; x_wconf 93' lang='lat' dir='ltr'>N</span> <span class='ocrx_word' id='word_1_196' title='bbox 821 2896 849 2961; x_wconf 88' lang='lat' dir='ltr'><strong>F</strong></span> <span class='ocrx_word' id='word_1_197' title='bbox 863 2897 898 2962; x_wconf 93' lang='lat' dir='ltr'>D</span> <span class='ocrx_word' id='word_1_198' title='bbox 920 2918 1060 2960; x_wconf 85' lang='lat' dir='ltr'><strong>convexa</strong></span> <span class='ocrx_word' id='word_1_199' title='bbox 1081 2908 1131 2959; x_wconf 90' lang='lat' dir='ltr'><strong>est</strong></span> <span class='ocrx_word' id='word_1_200' title='bbox 1154 2896 1188 2958; x_wconf 93' lang='lat' dir='ltr'><strong>in</strong></span> <span class='ocrx_word' id='word_1_201' title='bbox 1211 2898 1385 2981; x_wconf 86' lang='lat' dir='ltr'><strong>superficie</strong></span> <span class='ocrx_word' id='word_1_202' title='bbox 1404 2897 1446 2959; x_wconf 88' lang='lat' dir='ltr'><strong>in·</strong></span> 
     </span>
     <span class='ocr_line' id='line_1_26' title="bbox 148 3003 1447 3083; baseline 0.003 -16"><span class='ocrx_word' id='word_1_203' title='bbox 148 3003 236 3069; x_wconf 75' lang='lat' dir='ltr'><strong>terni</strong></span> <span class='ocrx_word' id='word_1_204' title='bbox 260 3007 291 3068; x_wconf 84' lang='lat' dir='ltr'>A</span> <span class='ocrx_word' id='word_1_205' title='bbox 308 3004 348 3069; x_wconf 93' lang='grc' dir='ltr'><strong>Μ</strong></span> <span class='ocrx_word' id='word_1_206' title='bbox 364 3003 403 3083; x_wconf 87' lang='grc' dir='ltr'><strong>Ε,</strong></span> <span class='ocrx_word' id='word_1_207' title='bbox 423 3005 451 3069; x_wconf 90' lang='grc' dir='ltr'>Β</span> <span class='ocrx_word' id='word_1_208' title='bbox 468 3005 499 3069; x_wconf 94' lang='lat' dir='ltr'>N</span> <span class='ocrx_word' id='word_1_209' title='bbox 516 3004 544 3068; x_wconf 95' lang='lat' dir='ltr'><strong>F</strong></span> <span class='ocrx_word' id='word_1_210' title='bbox 566 3027 675 3069; x_wconf 88' lang='lat' dir='ltr'><strong>versus</strong></span> <span class='ocrx_word' id='word_1_211' title='bbox 697 3018 884 3070; x_wconf 84' lang='lat' dir='ltr'><strong>cataractam</strong></span> <span class='ocrx_word' id='word_1_212' title='bbox 910 3006 1083 3083; x_wconf 90' lang='lat' dir='ltr'><strong>cadentem,</strong></span> <span class='ocrx_word' id='word_1_213' title='bbox 1109 3005 1155 3069; x_wconf 83' lang='lat' dir='ltr'><strong>sic</strong></span> <span class='ocrx_word' id='word_1_214' title='bbox 1178 3007 1280 3071; x_wconf 89' lang='lat' dir='ltr'><strong>etiam</strong></span> <span class='ocrx_word' id='word_1_215' title='bbox 1307 3008 1378 3072; x_wconf 80' lang='lat' dir='ltr'><strong>haec</strong></span> <span class='ocrx_word' id='word_1_216' title='bbox 1399 3027 1447 3071; x_wconf 87' lang='lat' dir='ltr'><strong>co·</strong></span> 
     </span>
    </p>
   </div>
   <div class='ocr_carea' id='block_1_9' title="bbox 144 3197 1444 4868">
    <p class='ocr_par' dir='ltr' id='par_1_11' title="bbox 144 3197 1444 3522">
     <span class='ocr_line' id='line_1_27' title="bbox 181 3197 1444 3262; baseline 0.006 -20"><span class='ocrx_word' id='word_1_217' title='bbox 181 3197 215 3262; x_wconf 83' lang='lat'><strong>(⁰)</strong></span> <span class='ocrx_word' id='word_1_218' title='bbox 228 3201 241 3228; x_wconf 76' lang='lat'>0</span> <span class='ocrx_word' id='word_1_219' title='bbox 260 3200 298 3245; x_wconf 77' lang='lat' dir='ltr'><strong>Vel</strong></span> <span class='ocrx_word' id='word_1_220' title='bbox 314 3214 426 3246; x_wconf 71' lang='lat' dir='ltr'><strong>excetram</strong></span> <span class='ocrx_word' id='word_1_221' title='bbox 444 3197 510 3260; x_wconf 81' lang='lat' dir='ltr'><strong>dupli</strong></span> <span class='ocrx_word' id='word_1_222' title='bbox 527 3201 610 3247; x_wconf 82' lang='lat' dir='ltr'><strong>circuli</strong></span> <span class='ocrx_word' id='word_1_223' title='bbox 629 3200 686 3246; x_wconf 87' lang='lat' dir='ltr'><strong>AB</strong></span> <span class='ocrx_word' id='word_1_224' title='bbox 704 3216 776 3260; x_wconf 71' lang='lat' dir='ltr'><strong>snm</strong></span> <span class='ocrx_word' id='word_1_225' title='bbox 810 3204 823 3231; x_wconf 77' lang='lat'>⁸</span> <span class='ocrx_word' id='word_1_226' title='bbox 840 3199 978 3248; x_wconf 80' lang='lat' dir='ltr'><strong>considerari</strong></span> <span class='ocrx_word' id='word_1_227' title='bbox 997 3200 1061 3247; x_wconf 90' lang='lat' dir='ltr'><strong>enim</strong></span> <span class='ocrx_word' id='word_1_228' title='bbox 1078 3210 1155 3261; x_wconf 81' lang='lat' dir='ltr'><strong>potest</strong></span> <span class='ocrx_word' id='word_1_229' title='bbox 1171 3202 1224 3249; x_wconf 79' lang='lat' dir='ltr'><strong>axia</strong></span> <span class='ocrx_word' id='word_1_230' title='bbox 1244 3203 1273 3250; x_wconf 85' lang='lat' dir='ltr'><strong>H</strong></span> <span class='ocrx_word' id='word_1_231' title='bbox 1294 3203 1319 3251; x_wconf 87' lang='lat' dir='ltr'>G</span> <span class='ocrx_word' id='word_1_232' title='bbox 1334 3211 1363 3249; x_wconf 88' lang='lat' dir='ltr'><strong>ut</strong></span> <span class='ocrx_word' id='word_1_233' title='bbox 1377 3199 1444 3262; x_wconf 66' lang='lat' dir='ltr'><strong>pn</strong></span> 
     </span>
     <span class='ocr_line' id='line_1_28' title="bbox 144 3260 1441 3328; baseline 0.003 -18"><span class='ocrx_word' id='word_1_234' title='bbox 144 3264 263 3328; x_wconf 68' lang='lat' dir='ltr'><strong>fiendum.</strong></span> <span class='ocrx_word' id='word_1_235' title='bbox 301 3261 363 3308; x_wconf 76' lang='lat' dir='ltr'><strong>Cum</strong></span> <span class='ocrx_word' id='word_1_236' title='bbox 375 3260 478 3308; x_wconf 85' lang='lat' dir='ltr'><strong>fundum</strong></span> <span class='ocrx_word' id='word_1_237' title='bbox 490 3263 579 3324; x_wconf 75' lang='lat' dir='ltr'><strong>aequale</strong></span> <span class='ocrx_word' id='word_1_238' title='bbox 595 3262 625 3309; x_wconf 84' lang='lat' dir='ltr'><strong>ait</strong></span> <span class='ocrx_word' id='word_1_239' title='bbox 640 3263 777 3310; x_wconf 76' lang='lat' dir='ltr'><strong>differentia</strong></span> <span class='ocrx_word' id='word_1_240' title='bbox 809 3265 867 3311; x_wconf 78' lang='lat' dir='ltr'><strong>vatis</strong></span> <span class='ocrx_word' id='word_1_241' title='bbox 884 3265 951 3326; x_wconf 77' lang='lat' dir='ltr'><strong>cujus</strong></span> <span class='ocrx_word' id='word_1_242' title='bbox 970 3265 1041 3312; x_wconf 77' lang='lat' dir='ltr'><strong>rectio</strong></span> <span class='ocrx_word' id='word_1_243' title='bbox 1061 3265 1092 3312; x_wconf 80' lang='lat' dir='ltr'><strong>ait</strong></span> <span class='ocrx_word' id='word_1_244' title='bbox 1112 3264 1138 3311; x_wconf 92' lang='lat' dir='ltr'><strong>H</strong></span> <span class='ocrx_word' id='word_1_245' title='bbox 1160 3267 1184 3313; x_wconf 84' lang='lat' dir='ltr'>G</span> <span class='ocrx_word' id='word_1_246' title='bbox 1203 3267 1226 3314; x_wconf 86' lang='lat' dir='ltr'>C</span> <span class='ocrx_word' id='word_1_247' title='bbox 1247 3269 1281 3323; x_wconf 87' lang='lat' dir='ltr'><strong>A,</strong></span> <span class='ocrx_word' id='word_1_248' title='bbox 1304 3277 1328 3314; x_wconf 90' lang='lat' dir='ltr'><strong>et</strong></span> <span class='ocrx_word' id='word_1_249' title='bbox 1345 3266 1441 3313; x_wconf 70' lang='lat' dir='ltr'><strong>formu</strong></span> 
     </span>
     <span class='ocr_line' id='line_1_29' title="bbox 147 3326 1442 3393; baseline 0.002 -19"><span class='ocrx_word' id='word_1_250' title='bbox 147 3326 288 3374; x_wconf 85' lang='lat' dir='ltr'><strong>circulorum</strong></span> <span class='ocrx_word' id='word_1_251' title='bbox 307 3327 329 3372; x_wconf 90' lang='lat' dir='ltr'>A</span> <span class='ocrx_word' id='word_1_252' title='bbox 344 3326 435 3373; x_wconf 83' lang='lat' dir='ltr'><strong>BetE</strong></span> <span class='ocrx_word' id='word_1_253' title='bbox 450 3326 477 3383; x_wconf 86' lang='lat' dir='ltr'><strong>F,</strong></span> <span class='ocrx_word' id='word_1_254' title='bbox 495 3342 602 3374; x_wconf 73' lang='lat' dir='ltr'><strong>excessua</strong></span> <span class='ocrx_word' id='word_1_255' title='bbox 612 3326 678 3386; x_wconf 90' lang='lat' dir='ltr'><strong>dupli</strong></span> <span class='ocrx_word' id='word_1_256' title='bbox 695 3328 776 3374; x_wconf 89' lang='lat' dir='ltr'><strong>circuli</strong></span> <span class='ocrx_word' id='word_1_257' title='bbox 810 3329 835 3374; x_wconf 92' lang='lat' dir='ltr'><strong>in</strong></span> <span class='ocrx_word' id='word_1_258' title='bbox 852 3328 928 3374; x_wconf 76' lang='lat' dir='ltr'><strong>fundo</strong></span> <span class='ocrx_word' id='word_1_259' title='bbox 943 3329 1031 3376; x_wconf 81' lang='lat' dir='ltr'><strong>lacrum</strong></span> <span class='ocrx_word' id='word_1_260' title='bbox 1047 3329 1076 3376; x_wconf 83' lang='lat' dir='ltr'><strong>sit</strong></span> <span class='ocrx_word' id='word_1_261' title='bbox 1094 3329 1117 3376; x_wconf 86' lang='grc' dir='ltr'>Ε</span> <span class='ocrx_word' id='word_1_262' title='bbox 1132 3329 1161 3384; x_wconf 84' lang='grc' dir='ltr'><strong>Ρ,</strong></span> <span class='ocrx_word' id='word_1_263' title='bbox 1177 3331 1363 3393; x_wconf 71' lang='lat' dir='ltr'><strong>qualiacumque</strong></span> <span class='ocrx_word' id='word_1_264' title='bbox 1372 3341 1442 3377; x_wconf 74' lang='lat' dir='ltr'><strong>auten</strong></span> 
     </span>
     <span class='ocr_line' id='line_1_30' title="bbox 150 3388 1440 3457; baseline 0.002 -19"><span class='ocrx_word' id='word_1_265' title='bbox 150 3393 172 3438; x_wconf 98' lang='lat' dir='ltr'>A</span> <span class='ocrx_word' id='word_1_266' title='bbox 188 3392 217 3446; x_wconf 87' lang='grc' dir='ltr'><strong>Β,</strong></span> <span class='ocrx_word' id='word_1_267' title='bbox 229 3388 299 3450; x_wconf 76' lang='lat' dir='ltr'><strong>cupra</strong></span> <span class='ocrx_word' id='word_1_268' title='bbox 310 3389 411 3437; x_wconf 77' lang='lat' dir='ltr'><strong>fundum</strong></span> <span class='ocrx_word' id='word_1_269' title='bbox 423 3399 458 3437; x_wconf 78' lang='lat' dir='ltr'><strong>eat</strong></span> <span class='ocrx_word' id='word_1_270' title='bbox 469 3397 484 3438; x_wconf 77' lang='lat'><strong>‘3</strong></span> <span class='ocrx_word' id='word_1_271' title='bbox 497 3393 519 3439; x_wconf 91' lang='lat' dir='ltr'>A</span> <span class='ocrx_word' id='word_1_272' title='bbox 535 3392 598 3439; x_wconf 92' lang='lat' dir='ltr'><strong>B-</strong></span> <span class='ocrx_word' id='word_1_273' title='bbox 607 3393 629 3438; x_wconf 98' lang='lat' dir='ltr'>A</span> <span class='ocrx_word' id='word_1_274' title='bbox 642 3391 707 3457; x_wconf 66' lang='lat'><strong>1³4-</strong></span> <span class='ocrx_word' id='word_1_275' title='bbox 718 3392 740 3439; x_wconf 88' lang='grc' dir='ltr'>Ε</span> <span class='ocrx_word' id='word_1_276' title='bbox 750 3392 777 3448; x_wconf 83' lang='lat' dir='ltr'><strong>F.</strong></span> <span class='ocrx_word' id='word_1_277' title='bbox 810 3393 841 3439; x_wconf 80' lang='lat' dir='ltr'><strong>cit</strong></span> <span class='ocrx_word' id='word_1_278' title='bbox 858 3393 896 3438; x_wconf 82' lang='lat' dir='ltr'><strong>lex</strong></span> <span class='ocrx_word' id='word_1_279' title='bbox 913 3393 961 3455; x_wconf 81' lang='lat' dir='ltr'><strong>qui</strong></span> <span class='ocrx_word' id='word_1_280' title='bbox 976 3392 1051 3440; x_wconf 86' lang='lat' dir='ltr'><strong>effluit</strong></span> <span class='ocrx_word' id='word_1_281' title='bbox 1066 3409 1127 3455; x_wconf 83' lang='lat' dir='ltr'><strong>aqua</strong></span> <span class='ocrx_word' id='word_1_282' title='bbox 1141 3409 1171 3440; x_wconf 85' lang='lat' dir='ltr'><strong>ex</strong></span> <span class='ocrx_word' id='word_1_283' title='bbox 1193 3410 1258 3452; x_wconf 69' lang='lat' dir='ltr'><strong>vaae,</strong></span> <span class='ocrx_word' id='word_1_284' title='bbox 1279 3395 1362 3442; x_wconf 86' lang='lat' dir='ltr'><strong>eodem</strong></span> <span class='ocrx_word' id='word_1_285' title='bbox 1380 3392 1440 3440; x_wconf 63' lang='lat' dir='ltr'><strong>aaa&amp;</strong></span> 
     </span>
     <span class='ocr_line' id='line_1_31' title="bbox 147 3454 1440 3522; baseline 0.001 -19"><span class='ocrx_word' id='word_1_286' title='bbox 147 3471 190 3503; x_wconf 83' lang='lat' dir='ltr'><strong>aea</strong></span> <span class='ocrx_word' id='word_1_287' title='bbox 204 3457 226 3502; x_wconf 92' lang='lat' dir='ltr'>A</span> <span class='ocrx_word' id='word_1_288' title='bbox 241 3454 307 3518; x_wconf 61' lang='lat'><strong>134-</strong></span> <span class='ocrx_word' id='word_1_289' title='bbox 322 3455 344 3501; x_wconf 84' lang='grc' dir='ltr'>Ε</span> <span class='ocrx_word' id='word_1_290' title='bbox 359 3455 385 3502; x_wconf 86' lang='lat' dir='ltr'><strong>F.</strong></span> <span class='ocrx_word' id='word_1_291' title='bbox 810 3472 858 3519; x_wconf 90' lang='lat' dir='ltr'><strong>quo</strong></span> <span class='ocrx_word' id='word_1_292' title='bbox 868 3457 957 3504; x_wconf 77' lang='lat' dir='ltr'><strong>factum</strong></span> <span class='ocrx_word' id='word_1_293' title='bbox 973 3468 1032 3504; x_wconf 83' lang='lat' dir='ltr'><strong>esta</strong></span> <span class='ocrx_word' id='word_1_294' title='bbox 1045 3458 1164 3505; x_wconf 72' lang='lat' dir='ltr'><strong>Nevtano</strong></span> <span class='ocrx_word' id='word_1_295' title='bbox 1175 3459 1200 3505; x_wconf 90' lang='lat' dir='ltr'><strong>in</strong></span> <span class='ocrx_word' id='word_1_296' title='bbox 1212 3461 1291 3522; x_wconf 72' lang='lat' dir='ltr'><strong>hujus</strong></span> <span class='ocrx_word' id='word_1_297' title='bbox 1306 3461 1440 3507; x_wconf 68' lang='lat' dir='ltr'><strong>danum</strong></span> 
     </span>
    </p>

    <p class='ocr_par' dir='ltr' id='par_1_12' title="bbox 147 3519 1440 4868">
     <span class='ocr_line' id='line_1_32' title="bbox 181 3519 1440 3583; baseline 0.001 -17"><span class='ocrx_word' id='word_1_298' title='bbox 181 3519 216 3583; x_wconf 66' lang='grc' dir='ltr'><strong>(Ρ)</strong></span> <span class='ocrx_word' id='word_1_299' title='bbox 228 3523 240 3551; x_wconf 77' lang='grc'><strong>”</strong></span> <span class='ocrx_word' id='word_1_300' title='bbox 253 3522 312 3567; x_wconf 85' lang='lat' dir='ltr'><strong>Tam</strong></span> <span class='ocrx_word' id='word_1_301' title='bbox 320 3522 453 3568; x_wconf 78' lang='lat' dir='ltr'><strong>incircuitu</strong></span> <span class='ocrx_word' id='word_1_302' title='bbox 461 3529 592 3569; x_wconf 75' lang='lat' dir='ltr'><strong>cataracta.</strong></span> <span class='ocrx_word' id='word_1_303' title='bbox 617 3521 778 3577; x_wconf 84' lang='lat' dir='ltr'><strong>Quemadmo·</strong></span> <span class='ocrx_word' id='word_1_304' title='bbox 810 3522 880 3569; x_wconf 72' lang='lat' dir='ltr'><strong>donis</strong></span> <span class='ocrx_word' id='word_1_305' title='bbox 890 3537 945 3568; x_wconf 81' lang='lat' dir='ltr'><strong>casu</strong></span> <span class='ocrx_word' id='word_1_306' title='bbox 956 3522 1038 3583; x_wconf 87' lang='lat' dir='ltr'><strong>primo,</strong></span> <span class='ocrx_word' id='word_1_307' title='bbox 1056 3521 1147 3581; x_wconf 82' lang='lat' dir='ltr'><strong>concipi</strong></span> <span class='ocrx_word' id='word_1_308' title='bbox 1166 3534 1247 3583; x_wconf 74' lang='lat' dir='ltr'><strong>potest</strong></span> <span class='ocrx_word' id='word_1_309' title='bbox 1257 3534 1372 3571; x_wconf 80' lang='lat' dir='ltr'><strong>cataracta</strong></span> <span class='ocrx_word' id='word_1_310' title='bbox 1385 3533 1440 3567; x_wconf 74' lang='lat' dir='ltr'><strong>tra·</strong></span> 
     </span>
     <span class='ocr_line' id='line_1_33' title="bbox 147 3583 1440 3650; baseline 0 -19"><span class='ocrx_word' id='word_1_311' title='bbox 147 3583 206 3631; x_wconf 89' lang='lat' dir='ltr'><strong>durn</strong></span> <span class='ocrx_word' id='word_1_312' title='bbox 217 3584 281 3630; x_wconf 88' lang='lat' dir='ltr'><strong>enim</strong></span> <span class='ocrx_word' id='word_1_313' title='bbox 292 3583 362 3644; x_wconf 75' lang='lat' dir='ltr'><strong>cupra</strong></span> <span class='ocrx_word' id='word_1_314' title='bbox 372 3583 427 3631; x_wconf 72' lang='lat' dir='ltr'><strong>ante</strong></span> <span class='ocrx_word' id='word_1_315' title='bbox 437 3600 483 3631; x_wconf 81' lang='lat' dir='ltr'><strong>cac.</strong></span> <span class='ocrx_word' id='word_1_316' title='bbox 500 3591 530 3642; x_wconf 87' lang='grc'><strong>1.,</strong></span> <span class='ocrx_word' id='word_1_317' title='bbox 547 3601 608 3648; x_wconf 86' lang='lat' dir='ltr'><strong>aqua</strong></span> <span class='ocrx_word' id='word_1_318' title='bbox 621 3588 699 3634; x_wconf 79' lang='lat' dir='ltr'><strong>omnis</strong></span> <span class='ocrx_word' id='word_1_319' title='bbox 709 3588 777 3650; x_wconf 77' lang='lat' dir='ltr'><strong>cujus</strong></span> <span class='ocrx_word' id='word_1_320' title='bbox 809 3585 907 3648; x_wconf 76' lang='lat' dir='ltr'><strong>glaciem</strong></span> <span class='ocrx_word' id='word_1_321' title='bbox 919 3585 1023 3642; x_wconf 82' lang='lat' dir='ltr'><strong>effluens,</strong></span> <span class='ocrx_word' id='word_1_322' title='bbox 1034 3585 1144 3632; x_wconf 86' lang='lat' dir='ltr'><strong>adhibitia</strong></span> <span class='ocrx_word' id='word_1_323' title='bbox 1155 3587 1314 3635; x_wconf 66' lang='lat' dir='ltr'><strong>cautionssaus</strong></span> <span class='ocrx_word' id='word_1_324' title='bbox 1324 3588 1372 3634; x_wconf 86' lang='lat' dir='ltr'><strong>illic</strong></span> <span class='ocrx_word' id='word_1_325' title='bbox 1381 3596 1440 3631; x_wconf 82' lang='lat' dir='ltr'><strong>aare·</strong></span> 
     </span>
     <span class='ocr_line' id='line_1_34' title="bbox 147 3646 1438 3714; baseline 0.001 -20"><span class='ocrx_word' id='word_1_326' title='bbox 147 3646 250 3695; x_wconf 79' lang='lat' dir='ltr'><strong>fluiditaa</strong></span> <span class='ocrx_word' id='word_1_327' title='bbox 261 3647 291 3694; x_wconf 88' lang='lat' dir='ltr'><strong>ad</strong></span> <span class='ocrx_word' id='word_1_328' title='bbox 301 3648 500 3708; x_wconf 73' lang='lat' dir='ltr'><strong>promptissimum</strong></span> <span class='ocrx_word' id='word_1_329' title='bbox 511 3660 535 3696; x_wconf 90' lang='lat' dir='ltr'><strong>et</strong></span> <span class='ocrx_word' id='word_1_330' title='bbox 545 3651 692 3698; x_wconf 88' lang='lat' dir='ltr'><strong>celerrimum</strong></span> <span class='ocrx_word' id='word_1_331' title='bbox 709 3667 777 3711; x_wconf 69' lang='lat' dir='ltr'><strong>aqua</strong></span> <span class='ocrx_word' id='word_1_332' title='bbox 808 3651 845 3706; x_wconf 76' lang='lat' dir='ltr'><strong>tia,</strong></span> <span class='ocrx_word' id='word_1_333' title='bbox 858 3661 885 3697; x_wconf 88' lang='lat' dir='ltr'><strong>ut</strong></span> <span class='ocrx_word' id='word_1_334' title='bbox 892 3652 942 3697; x_wconf 79' lang='lat' dir='ltr'><strong>haec</strong></span> <span class='ocrx_word' id='word_1_335' title='bbox 953 3651 1086 3711; x_wconf 75' lang='lat' dir='ltr'><strong>hypothecis</strong></span> <span class='ocrx_word' id='word_1_336' title='bbox 1092 3652 1263 3699; x_wconf 81' lang='lat' dir='ltr'><strong>mathematica</strong></span> <span class='ocrx_word' id='word_1_337' title='bbox 1271 3662 1438 3714; x_wconf 75' lang='lat' dir='ltr'><strong>moga-uatem</strong></span> 
     </span>
     <span class='ocr_line' id='line_1_35' title="bbox 148 3711 1438 3777; baseline 0.002 -18"><span class='ocrx_word' id='word_1_338' title='bbox 148 3711 285 3759; x_wconf 73' lang='lat' dir='ltr'><strong>descensum</strong></span> <span class='ocrx_word' id='word_1_339' title='bbox 297 3713 405 3775; x_wconf 83' lang='lat' dir='ltr'><strong>illiusque</strong></span> <span class='ocrx_word' id='word_1_340' title='bbox 421 3712 534 3759; x_wconf 76' lang='lat' dir='ltr'><strong>effluxum</strong></span> <span class='ocrx_word' id='word_1_341' title='bbox 545 3715 701 3774; x_wconf 77' lang='lat' dir='ltr'><strong>perforamen</strong></span> <span class='ocrx_word' id='word_1_342' title='bbox 720 3714 777 3761; x_wconf 78' lang='lat' dir='ltr'><strong>EF</strong></span> <span class='ocrx_word' id='word_1_343' title='bbox 809 3713 864 3761; x_wconf 77' lang='lat' dir='ltr'><strong>vera</strong></span> <span class='ocrx_word' id='word_1_344' title='bbox 882 3713 982 3761; x_wconf 71' lang='lat' dir='ltr'><strong>effluant</strong></span> <span class='ocrx_word' id='word_1_345' title='bbox 1000 3731 1066 3776; x_wconf 71' lang='lat' dir='ltr'><strong>aqua</strong></span> <span class='ocrx_word' id='word_1_346' title='bbox 1085 3715 1146 3777; x_wconf 75' lang='lat' dir='ltr'><strong>lege,</strong></span> <span class='ocrx_word' id='word_1_347' title='bbox 1168 3715 1293 3777; x_wconf 68' lang='lat' dir='ltr'><strong>quitenus</strong></span> <span class='ocrx_word' id='word_1_348' title='bbox 1308 3716 1339 3762; x_wconf 86' lang='lat' dir='ltr'><strong>ad</strong></span> <span class='ocrx_word' id='word_1_349' title='bbox 1357 3713 1438 3774; x_wconf 71' lang='lat' dir='ltr'><strong>copim</strong></span> 
     </span>
     <span class='ocr_line' id='line_1_36' title="bbox 148 3775 1438 3842; baseline 0.002 -20"><span class='ocrx_word' id='word_1_350' title='bbox 148 3775 238 3823; x_wconf 81' lang='lat' dir='ltr'><strong>inutilis</strong></span> <span class='ocrx_word' id='word_1_351' title='bbox 249 3786 304 3830; x_wconf 83' lang='lat' dir='ltr'><strong>erat,</strong></span> <span class='ocrx_word' id='word_1_352' title='bbox 316 3777 342 3823; x_wconf 91' lang='lat' dir='ltr'><strong>in</strong></span> <span class='ocrx_word' id='word_1_353' title='bbox 353 3777 452 3824; x_wconf 91' lang='lat' dir='ltr'><strong>circuitu</strong></span> <span class='ocrx_word' id='word_1_354' title='bbox 463 3787 583 3824; x_wconf 73' lang='lat' dir='ltr'><strong>cataracta</strong></span> <span class='ocrx_word' id='word_1_355' title='bbox 593 3779 715 3842; x_wconf 81' lang='lat' dir='ltr'><strong>congelata</strong></span> <span class='ocrx_word' id='word_1_356' title='bbox 721 3795 777 3838; x_wconf 79' lang='lat' dir='ltr'><strong>cup·</strong></span> <span class='ocrx_word' id='word_1_357' title='bbox 809 3794 876 3841; x_wconf 81' lang='lat' dir='ltr'><strong>aquae</strong></span> <span class='ocrx_word' id='word_1_358' title='bbox 887 3778 1004 3825; x_wconf 83' lang='lat' dir='ltr'><strong>effluentia</strong></span> <span class='ocrx_word' id='word_1_359' title='bbox 1011 3779 1066 3825; x_wconf 90' lang='lat' dir='ltr'><strong>dato</strong></span> <span class='ocrx_word' id='word_1_360' title='bbox 1077 3788 1192 3838; x_wconf 86' lang='lat' dir='ltr'><strong>tempore,</strong></span> <span class='ocrx_word' id='word_1_361' title='bbox 1205 3795 1258 3842; x_wconf 88' lang='lat' dir='ltr'><strong>quo</strong></span> <span class='ocrx_word' id='word_1_362' title='bbox 1268 3781 1345 3840; x_wconf 77' lang='lat' dir='ltr'><strong>potito</strong></span> <span class='ocrx_word' id='word_1_363' title='bbox 1354 3777 1438 3826; x_wconf 66' lang='lat' dir='ltr'><strong>aiau</strong></span> 
     </span>
     <span class='ocr_line' id='line_1_37' title="bbox 147 3839 1436 3903; baseline 0.007 -17"><span class='ocrx_word' id='word_1_364' title='bbox 147 3843 285 3900; x_wconf 90' lang='lat' dir='ltr'><strong>ponebatur,</strong></span> <span class='ocrx_word' id='word_1_365' title='bbox 314 3841 385 3903; x_wconf 90' lang='lat' dir='ltr'><strong>idque</strong></span> <span class='ocrx_word' id='word_1_366' title='bbox 411 3840 472 3888; x_wconf 69' lang='lat' dir='ltr'><strong>recte</strong></span> <span class='ocrx_word' id='word_1_367' title='bbox 499 3842 588 3888; x_wconf 78' lang='lat' dir='ltr'><strong>factum</strong></span> <span class='ocrx_word' id='word_1_368' title='bbox 615 3844 778 3903; x_wconf 79' lang='lat' dir='ltr'><strong>experimentis</strong></span> <span class='ocrx_word' id='word_1_369' title='bbox 809 3854 844 3890; x_wconf 79' lang='lat' dir='ltr'><strong>eet</strong></span> <span class='ocrx_word' id='word_1_370' title='bbox 860 3843 945 3890; x_wconf 85' lang='lat' dir='ltr'><strong>lineam</strong></span> <span class='ocrx_word' id='word_1_371' title='bbox 960 3843 986 3889; x_wconf 88' lang='lat' dir='ltr'><strong>H</strong></span> <span class='ocrx_word' id='word_1_372' title='bbox 1001 3844 1161 3890; x_wconf 82' lang='lat' dir='ltr'><strong>Poonvexam</strong></span> <span class='ocrx_word' id='word_1_373' title='bbox 1173 3845 1240 3890; x_wconf 78' lang='lat' dir='ltr'><strong>aurai</strong></span> <span class='ocrx_word' id='word_1_374' title='bbox 1251 3844 1344 3892; x_wconf 80' lang='lat' dir='ltr'><strong>debere.</strong></span> <span class='ocrx_word' id='word_1_375' title='bbox 1379 3839 1436 3895; x_wconf 65' lang='grc' dir='ltr'><strong>0ῠῦ-</strong></span> 
     </span>
     <span class='ocr_line' id='line_1_38' title="bbox 148 3903 1436 3970; baseline 0.002 -20"><span class='ocrx_word' id='word_1_376' title='bbox 148 3903 228 3964; x_wconf 76' lang='lat' dir='ltr'><strong>posted</strong></span> <span class='ocrx_word' id='word_1_377' title='bbox 243 3915 362 3952; x_wconf 76' lang='lat' dir='ltr'><strong>ostentum</strong></span> <span class='ocrx_word' id='word_1_378' title='bbox 378 3916 420 3962; x_wconf 82' lang='lat' dir='ltr'><strong>eat,</strong></span> <span class='ocrx_word' id='word_1_379' title='bbox 437 3904 470 3952; x_wconf 78' lang='lat' dir='ltr'><strong>iti</strong></span> <span class='ocrx_word' id='word_1_380' title='bbox 485 3906 523 3952; x_wconf 89' lang='lat' dir='ltr'><strong>hic</strong></span> <span class='ocrx_word' id='word_1_381' title='bbox 534 3907 579 3953; x_wconf 88' lang='lat' dir='ltr'><strong>laci</strong></span> <span class='ocrx_word' id='word_1_382' title='bbox 590 3907 711 3969; x_wconf 72' lang='lat' dir='ltr'><strong>congelata</strong></span> <span class='ocrx_word' id='word_1_383' title='bbox 721 3923 776 3967; x_wconf 77' lang='lat' dir='ltr'><strong>cup·</strong></span> <span class='ocrx_word' id='word_1_384' title='bbox 811 3918 903 3968; x_wconf 88' lang='lat' dir='ltr'><strong>propter</strong></span> <span class='ocrx_word' id='word_1_385' title='bbox 914 3906 933 3953; x_wconf 84' lang='lat' dir='ltr'><strong>ai</strong></span> <span class='ocrx_word' id='word_1_386' title='bbox 944 3922 972 3953; x_wconf 85' lang='lat' dir='ltr'><strong>ex</strong></span> <span class='ocrx_word' id='word_1_387' title='bbox 984 3907 1077 3967; x_wconf 72' lang='lat' dir='ltr'><strong>punctis</strong></span> <span class='ocrx_word' id='word_1_388' title='bbox 1090 3907 1111 3954; x_wconf 80' lang='grc' dir='ltr'><strong>Ρ</strong></span> <span class='ocrx_word' id='word_1_389' title='bbox 1122 3918 1147 3953; x_wconf 90' lang='lat' dir='ltr'><strong>et</strong></span> <span class='ocrx_word' id='word_1_390' title='bbox 1158 3908 1223 3962; x_wconf 88' lang='lat' dir='ltr'><strong>Qad</strong></span> <span class='ocrx_word' id='word_1_391' title='bbox 1235 3920 1352 3970; x_wconf 83' lang='lat' dir='ltr'><strong>punctum</strong></span> <span class='ocrx_word' id='word_1_392' title='bbox 1365 3906 1389 3953; x_wconf 81' lang='grc' dir='ltr'><strong>Η</strong></span> <span class='ocrx_word' id='word_1_393' title='bbox 1399 3906 1436 3950; x_wconf 72' lang='lat' dir='ltr'><strong>da·</strong></span> 
     </span>
     <span class='ocr_line' id='line_1_39' title="bbox 148 3969 1436 4033; baseline 0.002 -19"><span class='ocrx_word' id='word_1_394' title='bbox 148 3969 205 4028; x_wconf 90' lang='lat' dir='ltr'><strong>poni</strong></span> <span class='ocrx_word' id='word_1_395' title='bbox 222 3979 297 4029; x_wconf 80' lang='lat' dir='ltr'><strong>pateat</strong></span> <span class='ocrx_word' id='word_1_396' title='bbox 312 3986 373 4032; x_wconf 88' lang='lat' dir='ltr'><strong>aqua</strong></span> <span class='ocrx_word' id='word_1_397' title='bbox 389 3970 466 4016; x_wconf 79' lang='lat' dir='ltr'><strong>omnia</strong></span> <span class='ocrx_word' id='word_1_398' title='bbox 476 3970 500 4016; x_wconf 92' lang='lat' dir='ltr'><strong>in</strong></span> <span class='ocrx_word' id='word_1_399' title='bbox 513 3987 566 4018; x_wconf 81' lang='lat' dir='ltr'><strong>vaae</strong></span> <span class='ocrx_word' id='word_1_400' title='bbox 576 3982 624 4018; x_wconf 84' lang='lat' dir='ltr'><strong>tam</strong></span> <span class='ocrx_word' id='word_1_401' title='bbox 641 3972 776 4019; x_wconf 88' lang='lat' dir='ltr'><strong>incircuitu</strong></span> <span class='ocrx_word' id='word_1_402' title='bbox 809 3971 969 4018; x_wconf 83' lang='lat' dir='ltr'><strong>canturlineae</strong></span> <span class='ocrx_word' id='word_1_403' title='bbox 976 3982 1050 4024; x_wconf 71' lang='lat' dir='ltr'><strong>recta.</strong></span> <span class='ocrx_word' id='word_1_404' title='bbox 1059 3986 1178 4033; x_wconf 79' lang='lat' dir='ltr'><strong>quaecum</strong></span> <span class='ocrx_word' id='word_1_405' title='bbox 1188 3971 1308 4020; x_wconf 76' lang='lat' dir='ltr'><strong>diametro</strong></span> <span class='ocrx_word' id='word_1_406' title='bbox 1320 3970 1436 4026; x_wconf 63' lang='lat' dir='ltr'><strong>Poura</strong></span> 
     </span>
     <span class='ocr_line' id='line_1_40' title="bbox 149 4032 1436 4099; baseline 0.002 -20"><span class='ocrx_word' id='word_1_407' title='bbox 149 4043 269 4080; x_wconf 75' lang='lat' dir='ltr'><strong>cataractae</strong></span> <span class='ocrx_word' id='word_1_408' title='bbox 280 4032 351 4095; x_wconf 81' lang='lat' dir='ltr'><strong>qudm</strong></span> <span class='ocrx_word' id='word_1_409' title='bbox 362 4032 432 4094; x_wconf 77' lang='lat' dir='ltr'><strong>cupri</strong></span> <span class='ocrx_word' id='word_1_410' title='bbox 447 4034 576 4091; x_wconf 82' lang='lat' dir='ltr'><strong>circellum,</strong></span> <span class='ocrx_word' id='word_1_411' title='bbox 596 4037 665 4099; x_wconf 77' lang='lat' dir='ltr'><strong>cujus</strong></span> <span class='ocrx_word' id='word_1_412' title='bbox 675 4035 777 4083; x_wconf 81' lang='lat' dir='ltr'><strong>fluiditas</strong></span> <span class='ocrx_word' id='word_1_413' title='bbox 809 4038 894 4098; x_wconf 77' lang='lat' dir='ltr'><strong>guium</strong></span> <span class='ocrx_word' id='word_1_414' title='bbox 905 4037 1054 4092; x_wconf 69' lang='lat' dir='ltr'><strong>constituant,</strong></span> <span class='ocrx_word' id='word_1_415' title='bbox 1073 4051 1149 4082; x_wconf 77' lang='lat' dir='ltr'><strong>conus</strong></span> <span class='ocrx_word' id='word_1_416' title='bbox 1165 4051 1195 4082; x_wconf 81' lang='lat' dir='ltr'><strong>er</strong></span> <span class='ocrx_word' id='word_1_417' title='bbox 1212 4037 1361 4084; x_wconf 75' lang='lat' dir='ltr'><strong>moluu&#39;onc</strong></span> <span class='ocrx_word' id='word_1_418' title='bbox 1376 4034 1436 4094; x_wconf 68' lang='lat' dir='ltr'><strong>eujus</strong></span> 
     </span>
     <span class='ocr_line' id='line_1_41' title="bbox 148 4096 1435 4162; baseline 0.002 -18"><span class='ocrx_word' id='word_1_419' title='bbox 148 4096 179 4144; x_wconf 91' lang='lat' dir='ltr'><strong>ad</strong></span> <span class='ocrx_word' id='word_1_420' title='bbox 190 4099 388 4158; x_wconf 74' lang='lat' dir='ltr'><strong>promptissimum</strong></span> <span class='ocrx_word' id='word_1_421' title='bbox 399 4109 422 4145; x_wconf 91' lang='lat' dir='ltr'><strong>et</strong></span> <span class='ocrx_word' id='word_1_422' title='bbox 433 4099 579 4146; x_wconf 80' lang='lat' dir='ltr'><strong>celerrimum</strong></span> <span class='ocrx_word' id='word_1_423' title='bbox 587 4116 655 4162; x_wconf 77' lang='lat' dir='ltr'><strong>aqua</strong></span> <span class='ocrx_word' id='word_1_424' title='bbox 665 4099 778 4146; x_wconf 79' lang='lat' dir='ltr'><strong>effluxum</strong></span> <span class='ocrx_word' id='word_1_425' title='bbox 810 4100 922 4162; x_wconf 79' lang='lat' dir='ltr'><strong>trianguli</strong></span> <span class='ocrx_word' id='word_1_426' title='bbox 932 4099 993 4146; x_wconf 71' lang='lat' dir='ltr'><strong>circi</strong></span> <span class='ocrx_word' id='word_1_427' title='bbox 1002 4115 1069 4146; x_wconf 78' lang='lat' dir='ltr'><strong>axem</strong></span> <span class='ocrx_word' id='word_1_428' title='bbox 1081 4100 1107 4146; x_wconf 88' lang='lat' dir='ltr'><strong>H</strong></span> <span class='ocrx_word' id='word_1_429' title='bbox 1118 4100 1141 4147; x_wconf 87' lang='lat' dir='ltr'><strong><em>G</em></strong></span> <span class='ocrx_word' id='word_1_430' title='bbox 1154 4100 1262 4161; x_wconf 80' lang='lat' dir='ltr'><strong>genitus,</strong></span> <span class='ocrx_word' id='word_1_431' title='bbox 1274 4099 1435 4149; x_wconf 67' lang='lat' dir='ltr'><strong>amaracina·</strong></span> 
     </span>
     <span class='ocr_line' id='line_1_42' title="bbox 148 4162 1433 4229; baseline 0.002 -22"><span class='ocrx_word' id='word_1_432' title='bbox 148 4176 190 4221; x_wconf 88' lang='lat' dir='ltr'><strong>per</strong></span> <span class='ocrx_word' id='word_1_433' title='bbox 200 4162 301 4222; x_wconf 83' lang='lat' dir='ltr'><strong>spatium</strong></span> <span class='ocrx_word' id='word_1_434' title='bbox 313 4164 425 4210; x_wconf 82' lang='lat' dir='ltr'><strong>annulare</strong></span> <span class='ocrx_word' id='word_1_435' title='bbox 438 4163 460 4210; x_wconf 83' lang='grc' dir='ltr'>Ε</span> <span class='ocrx_word' id='word_1_436' title='bbox 472 4163 500 4220; x_wconf 79' lang='grc' dir='ltr'><strong>Ρ,</strong></span> <span class='ocrx_word' id='word_1_437' title='bbox 516 4163 575 4219; x_wconf 75' lang='lat' dir='ltr'><strong>QF,</strong></span> <span class='ocrx_word' id='word_1_438' title='bbox 585 4179 633 4210; x_wconf 93' lang='lat' dir='ltr'><strong>non</strong></span> <span class='ocrx_word' id='word_1_439' title='bbox 641 4165 778 4225; x_wconf 79' lang='lat' dir='ltr'><strong>requiritur;</strong></span> <span class='ocrx_word' id='word_1_440' title='bbox 810 4165 873 4212; x_wconf 89' lang='lat' dir='ltr'><strong>bitur</strong></span> <span class='ocrx_word' id='word_1_441' title='bbox 883 4165 908 4210; x_wconf 92' lang='lat' dir='ltr'><strong>in</strong></span> <span class='ocrx_word' id='word_1_442' title='bbox 919 4164 995 4211; x_wconf 76' lang='lat' dir='ltr'><strong>solido</strong></span> <span class='ocrx_word' id='word_1_443' title='bbox 1005 4164 1067 4226; x_wconf 91' lang='lat' dir='ltr'><strong>quod</strong></span> <span class='ocrx_word' id='word_1_444' title='bbox 1079 4180 1120 4225; x_wconf 85' lang='lat' dir='ltr'><strong>per</strong></span> <span class='ocrx_word' id='word_1_445' title='bbox 1130 4166 1276 4212; x_wconf 86' lang='lat' dir='ltr'><strong>rotationem</strong></span> <span class='ocrx_word' id='word_1_446' title='bbox 1293 4166 1373 4229; x_wconf 72' lang='lat' dir='ltr'><strong>figura</strong></span> <span class='ocrx_word' id='word_1_447' title='bbox 1386 4176 1433 4209; x_wconf 77' lang='lat' dir='ltr'><strong>cua·</strong></span> 
     </span>
     <span class='ocr_line' id='line_1_43' title="bbox 149 4226 1434 4292; baseline 0.005 -21"><span class='ocrx_word' id='word_1_448' title='bbox 149 4234 173 4271; x_wconf 89' lang='lat' dir='ltr'><strong>et</strong></span> <span class='ocrx_word' id='word_1_449' title='bbox 183 4226 383 4288; x_wconf 88' lang='lat' dir='ltr'><strong>quemadmodum</strong></span> <span class='ocrx_word' id='word_1_450' title='bbox 401 4227 488 4290; x_wconf 74' lang='lat' dir='ltr'><strong>glaciet</strong></span> <span class='ocrx_word' id='word_1_451' title='bbox 503 4228 528 4274; x_wconf 88' lang='lat' dir='ltr'><strong>in</strong></span> <span class='ocrx_word' id='word_1_452' title='bbox 544 4229 642 4275; x_wconf 85' lang='lat' dir='ltr'><strong>circuitu</strong></span> <span class='ocrx_word' id='word_1_453' title='bbox 659 4239 779 4275; x_wconf 74' lang='lat' dir='ltr'><strong>cataracta</strong></span> <span class='ocrx_word' id='word_1_454' title='bbox 811 4244 876 4274; x_wconf 80' lang='lat' dir='ltr'><strong>verre</strong></span> <span class='ocrx_word' id='word_1_455' title='bbox 888 4229 908 4275; x_wconf 90' lang='lat' dir='ltr'><strong>P</strong></span> <span class='ocrx_word' id='word_1_456' title='bbox 922 4229 947 4274; x_wconf 87' lang='lat' dir='ltr'><strong>H</strong></span> <span class='ocrx_word' id='word_1_457' title='bbox 962 4227 1058 4284; x_wconf 77' lang='lat' dir='ltr'><strong>Qcircri</strong></span> <span class='ocrx_word' id='word_1_458' title='bbox 1068 4227 1174 4275; x_wconf 88' lang='lat' dir='ltr'><strong>eundem</strong></span> <span class='ocrx_word' id='word_1_459' title='bbox 1186 4244 1258 4276; x_wconf 83' lang='lat' dir='ltr'><strong>axem</strong></span> <span class='ocrx_word' id='word_1_460' title='bbox 1277 4230 1303 4277; x_wconf 91' lang='lat' dir='ltr'><strong>H</strong></span> <span class='ocrx_word' id='word_1_461' title='bbox 1318 4231 1341 4277; x_wconf 88' lang='lat' dir='ltr'>G</span> <span class='ocrx_word' id='word_1_462' title='bbox 1352 4240 1434 4292; x_wconf 70' lang='lat' dir='ltr'><strong>gm-</strong></span> 
     </span>
     <span class='ocr_line' id='line_1_44' title="bbox 149 4287 1433 4356; baseline 0.005 -22"><span class='ocrx_word' id='word_1_463' title='bbox 149 4290 282 4348; x_wconf 78' lang='lat' dir='ltr'><strong>constituta,</strong></span> <span class='ocrx_word' id='word_1_464' title='bbox 296 4292 316 4339; x_wconf 89' lang='lat' dir='ltr'>C</span> <span class='ocrx_word' id='word_1_465' title='bbox 330 4292 352 4339; x_wconf 83' lang='grc' dir='ltr'>Ε</span> <span class='ocrx_word' id='word_1_466' title='bbox 366 4292 395 4339; x_wconf 90' lang='grc' dir='ltr'><strong>Μ</strong></span> <span class='ocrx_word' id='word_1_467' title='bbox 409 4294 441 4346; x_wconf 82' lang='grc' dir='ltr'><strong>Α.</strong></span> <span class='ocrx_word' id='word_1_468' title='bbox 454 4293 479 4339; x_wconf 92' lang='lat' dir='ltr'>D</span> <span class='ocrx_word' id='word_1_469' title='bbox 493 4292 513 4339; x_wconf 85' lang='lat' dir='ltr'><strong>F</strong></span> <span class='ocrx_word' id='word_1_470' title='bbox 527 4294 550 4340; x_wconf 92' lang='lat' dir='ltr'>N</span> <span class='ocrx_word' id='word_1_471' title='bbox 564 4292 779 4356; x_wconf 81' lang='lat' dir='ltr'><strong>Bpertingebatad</strong></span> <span class='ocrx_word' id='word_1_472' title='bbox 811 4303 856 4339; x_wconf 89' lang='lat' dir='ltr'><strong>tur.</strong></span> <span class='ocrx_word' id='word_1_473' title='bbox 895 4293 951 4340; x_wconf 91' lang='lat' dir='ltr'><strong>Hoc</strong></span> <span class='ocrx_word' id='word_1_474' title='bbox 962 4293 1034 4354; x_wconf 77' lang='lat' dir='ltr'><strong>igitur</strong></span> <span class='ocrx_word' id='word_1_475' title='bbox 1044 4292 1156 4346; x_wconf 78' lang='lat' dir='ltr'><strong>calidum.</strong></span> <span class='ocrx_word' id='word_1_476' title='bbox 1169 4309 1212 4340; x_wconf 80' lang='lat' dir='ltr'><strong>teu</strong></span> <span class='ocrx_word' id='word_1_477' title='bbox 1225 4294 1340 4341; x_wconf 85' lang='lat' dir='ltr'><strong>columna</strong></span> <span class='ocrx_word' id='word_1_478' title='bbox 1354 4287 1433 4340; x_wconf 73' lang='lat' dir='ltr'><strong>rut</strong></span> 
     </span>
     <span class='ocr_line' id='line_1_45' title="bbox 149 4352 1434 4421; baseline 0.006 -23"><span class='ocrx_word' id='word_1_479' title='bbox 149 4352 295 4413; x_wconf 72' lang='lat' dir='ltr'><strong>superficiem</strong></span> <span class='ocrx_word' id='word_1_480' title='bbox 308 4356 331 4402; x_wconf 95' lang='lat' dir='ltr'>A</span> <span class='ocrx_word' id='word_1_481' title='bbox 345 4357 367 4404; x_wconf 89' lang='lat' dir='ltr'><strong>B</strong></span> <span class='ocrx_word' id='word_1_482' title='bbox 379 4372 419 4403; x_wconf 85' lang='lat' dir='ltr'><strong>ceu</strong></span> <span class='ocrx_word' id='word_1_483' title='bbox 432 4356 558 4404; x_wconf 85' lang='lat' dir='ltr'><strong>terminum</strong></span> <span class='ocrx_word' id='word_1_484' title='bbox 569 4356 652 4419; x_wconf 82' lang='lat' dir='ltr'><strong>glaciei</strong></span> <span class='ocrx_word' id='word_1_485' title='bbox 667 4355 780 4404; x_wconf 68' lang='lat' dir='ltr'><strong>continua</strong></span> <span class='ocrx_word' id='word_1_486' title='bbox 811 4355 881 4417; x_wconf 71' lang='lat' dir='ltr'><strong>sopri</strong></span> <span class='ocrx_word' id='word_1_487' title='bbox 891 4357 1011 4403; x_wconf 86' lang='lat' dir='ltr'><strong>circellum</strong></span> <span class='ocrx_word' id='word_1_488' title='bbox 1023 4357 1154 4419; x_wconf 78' lang='lat' dir='ltr'><strong>congelata,</strong></span> <span class='ocrx_word' id='word_1_489' title='bbox 1171 4359 1343 4421; x_wconf 77' lang='lat' dir='ltr'><strong>magnitudine</strong></span> <span class='ocrx_word' id='word_1_490' title='bbox 1356 4362 1434 4414; x_wconf 64' lang='lat' dir='ltr'><strong>m</strong></span> 
     </span>
     <span class='ocr_line' id='line_1_46' title="bbox 149 4415 1434 4484; baseline 0.007 -22"><span class='ocrx_word' id='word_1_491' title='bbox 149 4415 297 4479; x_wconf 77' lang='lat' dir='ltr'><strong>liquescentis</strong></span> <span class='ocrx_word' id='word_1_492' title='bbox 310 4420 335 4467; x_wconf 86' lang='lat' dir='ltr'>K</span> <span class='ocrx_word' id='word_1_493' title='bbox 349 4423 371 4468; x_wconf 92' lang='lat' dir='ltr'>A</span> <span class='ocrx_word' id='word_1_494' title='bbox 387 4422 408 4468; x_wconf 89' lang='lat' dir='ltr'>B</span> <span class='ocrx_word' id='word_1_495' title='bbox 422 4421 451 4478; x_wconf 74' lang='grc' dir='ltr'><strong>Ι..</strong></span> <span class='ocrx_word' id='word_1_496' title='bbox 462 4420 495 4468; x_wconf 78' lang='lat' dir='ltr'><strong>ia</strong></span> <span class='ocrx_word' id='word_1_497' title='bbox 506 4438 566 4484; x_wconf 85' lang='lat' dir='ltr'><strong>aqua</strong></span> <span class='ocrx_word' id='word_1_498' title='bbox 577 4419 647 4480; x_wconf 74' lang='lat' dir='ltr'><strong>suprd</strong></span> <span class='ocrx_word' id='word_1_499' title='bbox 657 4420 777 4468; x_wconf 89' lang='lat' dir='ltr'><strong>circellum</strong></span> <span class='ocrx_word' id='word_1_500' title='bbox 811 4435 899 4468; x_wconf 90' lang='lat' dir='ltr'><strong>conum</strong></span> <span class='ocrx_word' id='word_1_501' title='bbox 916 4422 984 4468; x_wconf 90' lang='lat' dir='ltr'><strong>illum</strong></span> <span class='ocrx_word' id='word_1_502' title='bbox 1004 4421 1073 4484; x_wconf 82' lang='lat' dir='ltr'><strong>cnjus</strong></span> <span class='ocrx_word' id='word_1_503' title='bbox 1091 4421 1154 4468; x_wconf 71' lang='lat' dir='ltr'><strong>baria</strong></span> <span class='ocrx_word' id='word_1_504' title='bbox 1173 4431 1210 4468; x_wconf 73' lang='lat' dir='ltr'><strong>eat</strong></span> <span class='ocrx_word' id='word_1_505' title='bbox 1225 4423 1337 4470; x_wconf 77' lang='lat' dir='ltr'><strong>circellus</strong></span> <span class='ocrx_word' id='word_1_506' title='bbox 1354 4419 1434 4472; x_wconf 61' lang='lat' dir='ltr'><strong>l&#39;Q⁸</strong></span> 
     </span>
     <span class='ocr_line' id='line_1_47' title="bbox 149 4479 1432 4549; baseline 0.002 -21"><span class='ocrx_word' id='word_1_507' title='bbox 149 4482 272 4543; x_wconf 75' lang='lat' dir='ltr'><strong>congelata</strong></span> <span class='ocrx_word' id='word_1_508' title='bbox 285 4484 422 4545; x_wconf 85' lang='lat' dir='ltr'><strong>producitur</strong></span> <span class='ocrx_word' id='word_1_509' title='bbox 432 4486 462 4533; x_wconf 86' lang='lat' dir='ltr'><strong>ad</strong></span> <span class='ocrx_word' id='word_1_510' title='bbox 473 4496 589 4546; x_wconf 89' lang='lat' dir='ltr'><strong>puuctum</strong></span> <span class='ocrx_word' id='word_1_511' title='bbox 602 4486 636 4539; x_wconf 82' lang='lat' dir='ltr'><strong>H,</strong></span> <span class='ocrx_word' id='word_1_512' title='bbox 654 4485 679 4531; x_wconf 92' lang='lat' dir='ltr'><strong>in</strong></span> <span class='ocrx_word' id='word_1_513' title='bbox 695 4483 778 4532; x_wconf 68' lang='lat' dir='ltr'><strong>eidem</strong></span> <span class='ocrx_word' id='word_1_514' title='bbox 810 4485 911 4532; x_wconf 82' lang='lat' dir='ltr'><strong>altitudo</strong></span> <span class='ocrx_word' id='word_1_515' title='bbox 925 4486 951 4532; x_wconf 85' lang='lat' dir='ltr'><strong>H</strong></span> <span class='ocrx_word' id='word_1_516' title='bbox 966 4486 996 4533; x_wconf 91' lang='lat' dir='ltr'><strong>G.</strong></span> <span class='ocrx_word' id='word_1_517' title='bbox 1017 4484 1099 4541; x_wconf 71' lang='lat' dir='ltr'><strong>Quart</strong></span> <span class='ocrx_word' id='word_1_518' title='bbox 1112 4488 1166 4549; x_wconf 83' lang='lat' dir='ltr'><strong>(per</strong></span> <span class='ocrx_word' id='word_1_519' title='bbox 1180 4486 1253 4547; x_wconf 83' lang='lat' dir='ltr'><strong>Prop.</strong></span> <span class='ocrx_word' id='word_1_520' title='bbox 1267 4488 1303 4535; x_wconf 83' lang='lat' dir='ltr'><strong>X.</strong></span> <span class='ocrx_word' id='word_1_521' title='bbox 1318 4487 1368 4534; x_wconf 67' lang='lat' dir='ltr'><strong>[Aa</strong></span> <span class='ocrx_word' id='word_1_522' title='bbox 1378 4479 1432 4530; x_wconf 71' lang='lat' dir='ltr'><strong>All·</strong></span> 
     </span>
     <span class='ocr_line' id='line_1_48' title="bbox 149 4544 1436 4613; baseline 0.008 -23"><span class='ocrx_word' id='word_1_523' title='bbox 149 4544 271 4605; x_wconf 81' lang='lat' dir='ltr'><strong>auperflcie</strong></span> <span class='ocrx_word' id='word_1_524' title='bbox 289 4548 312 4594; x_wconf 90' lang='lat' dir='ltr'>A</span> <span class='ocrx_word' id='word_1_525' title='bbox 327 4549 349 4595; x_wconf 89' lang='lat' dir='ltr'>B</span> <span class='ocrx_word' id='word_1_526' title='bbox 366 4549 483 4610; x_wconf 68' lang='lat' dir='ltr'><strong>positum</strong></span> <span class='ocrx_word' id='word_1_527' title='bbox 502 4561 526 4597; x_wconf 85' lang='lat' dir='ltr'><strong>et</strong></span> <span class='ocrx_word' id='word_1_528' title='bbox 541 4551 576 4596; x_wconf 89' lang='lat' dir='ltr'><strong>uti</strong></span> <span class='ocrx_word' id='word_1_529' title='bbox 592 4550 678 4613; x_wconf 75' lang='lat' dir='ltr'><strong>glaciet</strong></span> <span class='ocrx_word' id='word_1_530' title='bbox 693 4553 720 4597; x_wconf 82' lang='lat' dir='ltr'><strong>in</strong></span> <span class='ocrx_word' id='word_1_531' title='bbox 733 4553 779 4597; x_wconf 82' lang='lat' dir='ltr'><strong>cir-</strong></span> <span class='ocrx_word' id='word_1_532' title='bbox 813 4550 906 4610; x_wconf 88' lang='lat' dir='ltr'><strong>Elem.)</strong></span> <span class='ocrx_word' id='word_1_533' title='bbox 926 4550 1036 4596; x_wconf 89' lang='lat' dir='ltr'><strong>columna</strong></span> <span class='ocrx_word' id='word_1_534' title='bbox 1052 4550 1178 4613; x_wconf 72' lang='lat' dir='ltr'><strong>congelata</strong></span> <span class='ocrx_word' id='word_1_535' title='bbox 1201 4551 1263 4599; x_wconf 85' lang='lat' dir='ltr'><strong>PH</strong></span> <span class='ocrx_word' id='word_1_536' title='bbox 1278 4553 1310 4608; x_wconf 73' lang='lat' dir='ltr'><strong>Q,</strong></span> <span class='ocrx_word' id='word_1_537' title='bbox 1327 4551 1396 4612; x_wconf 69' lang='lat' dir='ltr'><strong>maja</strong></span> <span class='ocrx_word' id='word_1_538' title='bbox 1407 4553 1436 4592; x_wconf 55' lang='grc' dir='ltr'>Β</span> 
     </span>
     <span class='ocr_line' id='line_1_49' title="bbox 149 4608 1437 4678; baseline 0.002 -20"><span class='ocrx_word' id='word_1_539' title='bbox 149 4612 215 4658; x_wconf 69' lang='lat' dir='ltr'><strong>curin</strong></span> <span class='ocrx_word' id='word_1_540' title='bbox 231 4621 355 4660; x_wconf 71' lang='lat' dir='ltr'><strong>cataracte</strong></span> <span class='ocrx_word' id='word_1_541' title='bbox 374 4629 470 4663; x_wconf 75' lang='lat' dir='ltr'><strong>convoca</strong></span> <span class='ocrx_word' id='word_1_542' title='bbox 486 4624 519 4662; x_wconf 78' lang='lat' dir='ltr'><strong>eet</strong></span> <span class='ocrx_word' id='word_1_543' title='bbox 540 4615 618 4663; x_wconf 71' lang='lat' dir='ltr'><strong>maria</strong></span> <span class='ocrx_word' id='word_1_544' title='bbox 639 4623 780 4662; x_wconf 82' lang='lat' dir='ltr'><strong>cataractam</strong></span> <span class='ocrx_word' id='word_1_545' title='bbox 812 4612 881 4661; x_wconf 72' lang='lat' dir='ltr'><strong>tertii</strong></span> <span class='ocrx_word' id='word_1_546' title='bbox 891 4627 956 4675; x_wconf 86' lang='lat' dir='ltr'><strong>parte</strong></span> <span class='ocrx_word' id='word_1_547' title='bbox 966 4614 1064 4675; x_wconf 81' lang='lat' dir='ltr'><strong>cylindri</strong></span> <span class='ocrx_word' id='word_1_548' title='bbox 1077 4630 1154 4678; x_wconf 69' lang='lat' dir='ltr'><strong>equa,</strong></span> <span class='ocrx_word' id='word_1_549' title='bbox 1171 4616 1244 4678; x_wconf 73' lang='lat' dir='ltr'><strong>eujm</strong></span> <span class='ocrx_word' id='word_1_550' title='bbox 1255 4618 1317 4665; x_wconf 67' lang='lat' dir='ltr'><strong>bais</strong></span> <span class='ocrx_word' id='word_1_551' title='bbox 1326 4627 1359 4663; x_wconf 71' lang='lat' dir='ltr'><strong>ea</strong></span> <span class='ocrx_word' id='word_1_552' title='bbox 1369 4608 1437 4661; x_wconf 68' lang='lat' dir='ltr'><strong>cird-</strong></span> 
     </span>
     <span class='ocr_line' id='line_1_50' title="bbox 148 4675 1437 4742; baseline 0.002 -20"><span class='ocrx_word' id='word_1_553' title='bbox 148 4677 266 4724; x_wconf 74' lang='lat' dir='ltr'><strong>catenum</strong></span> <span class='ocrx_word' id='word_1_554' title='bbox 283 4676 362 4739; x_wconf 74' lang='lat'><strong>(272).</strong></span> <span class='ocrx_word' id='word_1_555' title='bbox 378 4681 412 4727; x_wconf 74' lang='lat' dir='ltr'><strong>cic</strong></span> <span class='ocrx_word' id='word_1_556' title='bbox 427 4681 495 4727; x_wconf 74' lang='lat' dir='ltr'><strong>etiam</strong></span> <span class='ocrx_word' id='word_1_557' title='bbox 512 4682 621 4728; x_wconf 83' lang='lat' dir='ltr'><strong>calamna</strong></span> <span class='ocrx_word' id='word_1_558' title='bbox 631 4695 700 4742; x_wconf 76' lang='lat' dir='ltr'><strong>aqua</strong></span> <span class='ocrx_word' id='word_1_559' title='bbox 710 4678 780 4740; x_wconf 78' lang='lat' dir='ltr'><strong>ruprd</strong></span> <span class='ocrx_word' id='word_1_560' title='bbox 812 4679 885 4726; x_wconf 85' lang='lat' dir='ltr'><strong>luaP</strong></span> <span class='ocrx_word' id='word_1_561' title='bbox 903 4680 928 4735; x_wconf 81' lang='lat' dir='ltr'>Q</span> <span class='ocrx_word' id='word_1_562' title='bbox 943 4690 967 4726; x_wconf 87' lang='lat' dir='ltr'><strong>et</strong></span> <span class='ocrx_word' id='word_1_563' title='bbox 977 4679 1078 4726; x_wconf 86' lang='lat' dir='ltr'><strong>altitudo</strong></span> <span class='ocrx_word' id='word_1_564' title='bbox 1091 4679 1114 4726; x_wconf 84' lang='lat' dir='ltr'>G</span> <span class='ocrx_word' id='word_1_565' title='bbox 1129 4680 1167 4728; x_wconf 84' lang='lat' dir='ltr'><strong>H.</strong></span> <span class='ocrx_word' id='word_1_566' title='bbox 1205 4682 1254 4728; x_wconf 85' lang='lat' dir='ltr'><strong>Sed</strong></span> <span class='ocrx_word' id='word_1_567' title='bbox 1273 4683 1334 4728; x_wconf 83' lang='lat' dir='ltr'><strong>aicut</strong></span> <span class='ocrx_word' id='word_1_568' title='bbox 1349 4675 1437 4725; x_wconf 71' lang='lat' dir='ltr'><strong>unta</strong></span> 
     </span>
     <span class='ocr_line' id='line_1_51' title="bbox 149 4737 1438 4806; baseline 0 -18"><span class='ocrx_word' id='word_1_569' title='bbox 149 4742 266 4789; x_wconf 78' lang='lat' dir='ltr'><strong>circellum</strong></span> <span class='ocrx_word' id='word_1_570' title='bbox 282 4743 403 4796; x_wconf 67' lang='lat' dir='ltr'><strong>congelata</strong></span> <span class='ocrx_word' id='word_1_571' title='bbox 422 4746 445 4791; x_wconf 86' lang='lat' dir='ltr'><em>P</em></span> <span class='ocrx_word' id='word_1_572' title='bbox 455 4746 486 4792; x_wconf 83' lang='lat' dir='ltr'><strong>H</strong></span> <span class='ocrx_word' id='word_1_573' title='bbox 496 4746 516 4798; x_wconf 69' lang='lat' dir='ltr'>Q</span> <span class='ocrx_word' id='word_1_574' title='bbox 532 4760 628 4792; x_wconf 80' lang='lat' dir='ltr'><strong>canneta</strong></span> <span class='ocrx_word' id='word_1_575' title='bbox 643 4746 686 4791; x_wconf 84' lang='lat' dir='ltr'><strong>erit</strong></span> <span class='ocrx_word' id='word_1_576' title='bbox 702 4760 780 4791; x_wconf 76' lang='lat' dir='ltr'><strong>ueram</strong></span> <span class='ocrx_word' id='word_1_577' title='bbox 815 4743 837 4790; x_wconf 84' lang='lat' dir='ltr'>E</span> <span class='ocrx_word' id='word_1_578' title='bbox 852 4744 880 4796; x_wconf 86' lang='lat' dir='ltr'><strong>C.</strong></span> <span class='ocrx_word' id='word_1_579' title='bbox 896 4744 953 4791; x_wconf 82' lang='lat' dir='ltr'><strong>FD</strong></span> <span class='ocrx_word' id='word_1_580' title='bbox 965 4743 1062 4790; x_wconf 70' lang='lat' dir='ltr'><strong>sumna</strong></span> <span class='ocrx_word' id='word_1_581' title='bbox 1071 4743 1168 4803; x_wconf 79' lang='lat' dir='ltr'><strong>pondua</strong></span> <span class='ocrx_word' id='word_1_582' title='bbox 1178 4761 1249 4806; x_wconf 70' lang='lat' dir='ltr'><strong>aquo</strong></span> <span class='ocrx_word' id='word_1_583' title='bbox 1260 4746 1285 4792; x_wconf 91' lang='lat' dir='ltr'><strong>iu</strong></span> <span class='ocrx_word' id='word_1_584' title='bbox 1296 4737 1438 4804; x_wconf 56' lang='lat' dir='ltr'><strong>ward·</strong></span> 
     </span>
     <span class='ocr_line' id='line_1_52' title="bbox 148 4804 1439 4868; baseline 0.003 -14"><span class='ocrx_word' id='word_1_585' title='bbox 148 4807 596 4867; x_wconf 68' lang='lat' dir='ltr'><strong>mmamammanrssu,</strong></span> <span class='ocrx_word' id='word_1_586' title='bbox 609 4811 779 4862; x_wconf 83' lang='lat' dir='ltr'><strong>BHQFN.·</strong></span> <span class='ocrx_word' id='word_1_587' title='bbox 815 4808 915 4856; x_wconf 86' lang='lat' dir='ltr'><strong>CEM</strong></span> <span class='ocrx_word' id='word_1_588' title='bbox 929 4809 960 4863; x_wconf 84' lang='lat' dir='ltr'><strong>A,</strong></span> <span class='ocrx_word' id='word_1_589' title='bbox 983 4808 1007 4855; x_wconf 89' lang='lat' dir='ltr'>D</span> <span class='ocrx_word' id='word_1_590' title='bbox 1026 4808 1045 4854; x_wconf 85' lang='lat' dir='ltr'><strong>F</strong></span> <span class='ocrx_word' id='word_1_591' title='bbox 1063 4808 1087 4855; x_wconf 84' lang='lat' dir='ltr'>N</span> <span class='ocrx_word' id='word_1_592' title='bbox 1108 4809 1129 4856; x_wconf 91' lang='lat' dir='ltr'>B</span> <span class='ocrx_word' id='word_1_593' title='bbox 1150 4821 1279 4868; x_wconf 73' lang='lat' dir='ltr'><strong>contentae,</strong></span> <span class='ocrx_word' id='word_1_594' title='bbox 1297 4810 1329 4858; x_wconf 73' lang='lat' dir='ltr'><strong>ia</strong></span> <span class='ocrx_word' id='word_1_595' title='bbox 1347 4804 1439 4857; x_wconf 54' lang='lat' dir='ltr'><strong>cin&amp;</strong></span> 
     </span>
    </p>
   </div>
   <div class='ocr_carea' id='block_1_10' title="bbox 0 0 1598 5444">
    <p class='ocr_par' dir='ltr' id='par_1_13' title="bbox 0 0 1598 5444">
     <span class='ocr_line' id='line_1_53' title="bbox 0 0 1598 5444; baseline 0 1"><span class='ocrx_word' id='word_1_596' title='bbox 0 0 1598 5444; x_wconf 95' lang='lat' dir='ltr'><strong> </strong></span> 
     </span>
    </p>
   </div>
  </div>
 </body>
</html>
