3202 5446
177 467 219 522 30
479 450 1116 521 PHILOSOI’HIAE'NATURALIS
1227 450 1380 529 [Axrorr.
1394 466 1467 514 ειη

174 629 234 695 hoc
248 643 356 696 centro
370 630 528 694 communi
542 630 576 694 in
590 629 711 694 ratione
725 627 809 693 dart.
858 627 1006 693 Similiter
1020 639 1054 691 et
1066 643 1231 689 commune
1246 635 1391 686 centrum
1408 620 1467 687 bo-

71 798 74 808 .
174 762 245 804 rum
261 740 396 805 duorum
415 751 447 803 et
460 737 544 803 tertii
569 738 702 824 cujusvis
716 736 766 801 vel
781 736 912 823 quiescit
925 735 975 799 vel
995 731 1196 822 progreditur
1217 730 1415 797 uniformiter
1433 732 1467 799 in

172 845 252 912 linesi
268 845 366 922 recti3
388 858 557 931 propterea
569 844 656 931 quod
670 844 710 907 ab
724 866 763 907 eo
777 842 926 907 dividitur
939 841 1087 905 distantia
1096 839 1196 904 centri
1211 840 1386 905 communis
1394 862 1467 905 cor·

170 975 284 1039 porum
299 953 434 1017 duorum
448 965 480 1016 et
493 952 593 1015 centri
607 951 747 1036 corporis
761 950 845 1015 tertii
859 949 893 1012 in
911 946 983 1012 dart
997 947 1129 1011 ratione.
1184 946 1308 1012 Eodem
1320 948 1419 1014 modo
1432 962 1465 1015 et

170 1083 337 1124 commune
351 1071 494 1124 centrum
507 1057 621 1122 horum
636 1059 731 1122 trium
745 1069 778 1123 et
791 1058 893 1145 quarti
912 1057 1046 1143 cujusvis
1060 1056 1109 1121 vel
1123 1056 1255 1144 quiescit
1267 1055 1318 1121 vel
1330 1077 1465 1147 progre-

169 1168 255 1232 ditur
269 1166 464 1231 uniformiter
478 1168 511 1230 in
526 1167 607 1231 linea
622 1165 706 1230 recti
711 1189 720 1244 ;
742 1178 910 1252 propterea
923 1165 1010 1252 quod
1030 1165 1071 1230 ab
1088 1188 1128 1230 eo
1147 1165 1296 1231 dividitur
1313 1165 1464 1233 distamia

169 1276 251 1338 inter
261 1287 403 1340 centrum
418 1297 584 1339 commune
598 1274 692 1338 trium
708 1286 740 1338 et
754 1285 897 1338 centrum
915 1273 1019 1358 quarti
1031 1273 1065 1337 in
1083 1271 1155 1337 dati
1171 1273 1302 1351 ratione,
1323 1285 1357 1339 et
1370 1273 1417 1339 sic
1428 1273 1465 1341 in

169 1382 334 1447 infinitum
389 1383 490 1471 Igitur
509 1382 542 1446 in
566 1394 732 1469 systemate
752 1403 920 1466 corporum
938 1403 1010 1467 quse
1028 1380 1201 1445 actionibus
1222 1380 1254 1445 iu
1274 1404 1308 1447 se
1326 1382 1462 1451 invicem

167 1489 297 1576 aliisque
312 1489 457 1554 omnibus
471 1490 505 1553 in
524 1513 559 1554 se
574 1489 766 1554 extrinsecus
785 1489 944 1574 impressis
959 1488 1088 1552 omnino
1101 1500 1221 1567 vacant,
1241 1488 1378 1577 ideoque
1391 1512 1462 1557 mo-

168 1608 279 1661 ventur
293 1597 416 1685 singula
434 1596 630 1663 uniformiter
647 1598 681 1662 in
700 1598 792 1663 rectis
807 1597 948 1685 singuiis,
970 1620 1135 1662 commune
1150 1598 1295 1662 omnium
1314 1610 1459 1665 centrum

166 1703 325 1791 gravitatis
339 1703 388 1768 vel
404 1705 534 1791 quiescit
547 1704 597 1770 vel
611 1719 755 1771 movetur
768 1704 964 1769 uniformiter
978 1705 1012 1768 in
1026 1704 1188 1769 directum.

210 1811 246 1896 (ι)
271 1811 373 1876 Porro
386 1812 419 1875 in
435 1825 601 1899 systemate
615 1813 751 1878 duorum
765 1835 932 1898 corporum
952 1812 986 1875 in
1005 1834 1039 1876 se
1057 1811 1190 1888 invicem
1209 1811 1370 1900 agentium
1383 1811 1458 1879 otim

165 1918 320 1982 distantiae
334 1932 514 1984 centrorum
528 1921 689 2007 utriusque
704 1944 723 1985 a
737 1920 896 1984 communi
921 1919 1080 2007 gravitatis
1095 1931 1204 1984 centro
1217 1919 1280 1984 sint
1298 1920 1461 2006 reciproce

165 2039 201 2090 ut
215 2048 360 2112 corpora;
383 2041 475 2091 erunt
494 2041 597 2091 motus
616 2028 737 2091 relativi
755 2047 924 2111 corporum
943 2026 1135 2105 eorumdem,
1156 2025 1206 2091 vel
1225 2025 1398 2092 accedendi
1416 2029 1459 2095 ad

163 2146 307 2196 centrum
332 2132 420 2210 illud,
446 2132 495 2196 vel
510 2134 550 2197 ab
569 2132 681 2197 eodem
701 2131 878 2210 recedendi,
894 2132 1029 2219 aequales
1044 2133 1127 2197 inter
1140 2156 1184 2197 se.
1229 2131 1369 2199 Proinde
1382 2157 1460 2203 oen·

164 2252 247 2302 trum
264 2237 342 2302 illud
357 2261 377 2300 a
390 2250 532 2302 motuum
553 2238 724 2325 aequalibus
743 2239 966 2303 mutationibus
986 2240 1019 2303 in
1032 2252 1137 2325 partes
1161 2240 1331 2305 contrarias
1355 2240 1458 2324 faesia

162 2356 254 2430 atque
269 2343 340 2407 ideo
355 2343 395 2407 ab
415 2345 587 2409 actionibus
602 2345 716 2409 horum
735 2367 903 2431 corporum
922 2347 1003 2410 inter
1029 2370 1072 2425 se,
1088 2368 1148 2411 nec
1161 2360 1373 2431 promovetur,
1394 2372 1456 2417 neo

163 2449 346 2528 retardatur,
362 2472 421 2514 nec
432 2451 634 2515 mutationem
646 2453 763 2536 patitur
774 2453 807 2516 in
826 2465 908 2516 statu
923 2476 981 2518 suo
996 2453 1099 2541 quoad
1111 2470 1233 2518 motum
1242 2453 1291 2518 vel
1305 2455 1456 2541 quietem.

160 2629 194 2681 K.
206 2630 371 2690 perpendicula
383 2632 410 2679 Η
422 2631 445 2687 b,
464 2632 488 2679 K
499 2632 522 2684 k.
540 2633 675 2692 excitentur,
693 2636 724 2681 ob
735 2650 787 2682 mo·
820 2644 884 2680 trum
902 2627 962 2681 iliud
983 2635 1016 2688 H.
1041 2638 1163 2681 moveatur
1179 2629 1205 2681 in
1216 2630 1336 2682 communi
1354 2630 1454 2683 illorum

158 2706 209 2742 tum
227 2695 367 2742 uniformem
386 2707 527 2757 punctorum
547 2699 568 2744 A
586 2710 609 2745 et
627 2700 656 2748 B.
679 2699 703 2745 in
720 2698 788 2746 lineis
820 2697 942 2757 planorum
959 2698 988 2744 ad
1005 2698 1051 2746 alia
1062 2714 1104 2759 pro
1114 2697 1191 2746 lubitu
1202 2697 1454 2763 asumptsperpendi·

162 2760 182 2806 A
198 2759 227 2815 (¹,
247 2760 268 2806 Β
283 2761 315 2816 D,
332 2761 426 2807 evidens
441 2772 477 2809 eat
493 2774 578 2822 puncta
589 2779 603 2809 a
614 2774 638 2811 ct
653 2765 676 2819 b,
696 2763 787 2810 unifor-
819 2762 934 2809 cularium
952 2763 1120 2818 intersectione,
1138 2778 1192 2825 quar
1202 2777 1257 2810 curn
1268 2763 1298 2811 ait
1308 2763 1372 2812 linea
1387 2778 1453 2817 rasta

158 2822 227 2870 miter
238 2824 323 2870 moren'
335 2825 359 2871 iu
371 2826 438 2872 tineis
448 2842 491 2883 ac,
504 2826 550 2885 bd,
562 2838 585 2874 et
595 2827 650 2890 quia
663 2829 685 2875 A
698 2843 719 2882 a,
732 2827 778 2874 Bb
822 2826 846 2871 H
862 2826 893 2881 K,
907 2826 1020 2888 positione
1031 2826 1093 2884 data,
1111 2838 1134 2874 et
1149 2836 1264 2887 puuctum
1275 2828 1297 2881 h.
1309 2843 1352 2889 per
1361 2840 1452 2881 ram

163 2885 188 2930 11
202 2887 224 2938 b,
238 2886 353 2945 parallel-‘a
365 2901 435 2945 sunt;
453 2889 520 2935 linem
534 2894 555 2936 A
571 2892 600 2941 B.
610 2907 624 2936 a
634 2893 656 2945 b,
670 2893 694 2936 in
706 2893 787 2936 eadem
820 2889 866 2943 hir,
877 2890 1025 2937 uniformiter
1043 2891 1211 2951 progrediatur.
1230 2902 1345 2952 punctum
1360 2894 1395 2949 Η,
1416 2911 1451 2943 ι-

160 2948 249 2995 ratioue
265 2950 319 2997 dati
337 2951 363 2997 in
376 2953 410 3006 11.
423 2963 446 2999 et
463 2954 486 3009 b,
498 2953 652 3012 dividuntur3
677 2954 787 3016 idemque
818 2954 941 3015 quabiiiter
959 2955 1033 3001 fertur
1041 2955 1066 3001 in
1077 2954 1174 3001 fineen
1190 2954 1222 3002 K.
1260 2956 1290 3003 ln
1304 2958 1452 3023 omniigitur

160 3011 287 3058 dicendum
303 3013 334 3061 de
344 3017 438 3075 punctis
449 3016 482 3070 K,
495 3028 518 3064 et
528 3017 551 3071 k,
563 3018 588 3064 in
602 3019 669 3065 fineis
688 3020 708 3067 C
721 3018 753 3072 D,
763 3027 787 3064 et
818 3032 873 3064 casu
884 3029 992 3065 centrum
1003 3034 1127 3065 commune
1144 3019 1264 3081 gravitatis
1273 3020 1378 3069 duorum
1396 3038 1452 3071 oar.

159 3089 172 3121 c
183 3074 210 3122 d.
230 3077 317 3130 Quare,
329 3094 358 3126 er
373 3079 536 3128 demonstratis
554 3083 617 3146 (67).
634 3093 750 3143 punctum
761 3082 785 3136 h,
818 3096 962 3144 porumque
973 3091 1040 3128 motu
1051 3083 1160 3130 uniformi
1179 3099 1220 3144 per
1230 3084 1303 3132 lineas
1313 3097 1390 3135 rectu
1406 3103 1449 3150 po-

160 3139 309 3188 uniformiter
325 3143 472 3204 progreditur
491 3145 515 3191 in
533 3147 594 3193 rocta
612 3147 664 3201 ht,
682 3144 787 3207 adeoque
820 3146 1176 3207 sitionedataaprogrediuntur,
1195 3163 1285 3207 semper
1294 3151 1395 3212 quiescit
1410 3152 1450 3202 voi

159 3213 265 3250 centrum
276 3207 394 3266 gravitatis
407 3208 440 3261 lt
459 3224 549 3270 semper
559 3220 666 3257 moretur
681 3210 707 3256 iu
717 3210 788 3270 plano
819 3219 927 3257 movetur
937 3209 1085 3258 uniformiter
1095 3211 1121 3257 in
1128 3211 1191 3259 recta
1201 3212 1314 3273 positione
1325 3214 1389 3264 dact.

161 3267 280 3320 Hth.
299 3269 436 3332 adplenum
453 3273 551 3327 abde.
565 3273 679 3332 normali,
703 3273 785 3319 siloco

159 3329 228 3390 plani.
240 3332 304 3379 abd
315 3349 335 3390 c,
356 3333 420 3381 aliud
431 3336 529 3398 quodvis
539 3336 569 3384 ad
586 3337 708 3384 arbitrium
718 3353 783 3384 anu-
1326 3305 1360 3377 B

157 3405 265 3449 meretur.
277 3397 359 3445 colem
377 3398 448 3446 modo
463 3400 616 3449 dunouatmri
633 3411 711 3463 ponet
726 3416 812 3478 ceu-0
874 3346 913 3414 Α
1191 3405 1227 3470 K
1423 3420 1445 3499 ᾗ

955 3510 978 3558 ‘⁸
1226 3529 1244 3598 b
1278 3402 1301 3608 Ε
1357 3402 1382 3610 Ξ

845 3674 877 3736 (¹)
895 3679 933 3721 70.
950 3674 975 3721 Si
983 3674 1076 3722 duobus
1086 3677 1220 3736 corporibus
1232 3680 1255 3725 A
1266 3688 1291 3726 et
1300 3679 1328 3734 13.
1331 3694 1446 3790 quorum

812 3752 937 3784 cornmune
948 3738 1067 3801 gravitatis
1078 3751 1184 3787 centrum
1196 3742 1226 3788 ait
1234 3742 1266 3797 K,
1278 3757 1330 3804 aequ
1354 3758 1380 3790 ea
1391 3758 1447 3793 rno-

812 3800 850 3847 tirs
858 3802 998 3869 quantitates
1009 3802 1034 3849 in
1052 3813 1128 3863 partes
1138 3806 1264 3853 contrarias
1280 3807 1309 3854 de
1324 3822 1387 3855 noro
1397 3808 1446 3856 inr-

811 3866 949 3925 primautur,
974 3866 1060 3927 quibua
1077 3867 1160 3914 aodern
1179 3879 1283 3930 tempore
1300 3882 1447 3932 pueunuaa

810 3929 885 3988 spatia
898 3933 919 3976 A
930 3945 952 3984 a,
966 3930 1016 3982 Bb.
1029 3931 1103 3978 centri
1114 3932 1233 3994 gravitatis
1243 3944 1316 3982 statua
1328 3950 1376 3982 nou
1387 3951 1446 3985 mu-

810 4002 882 4042 tatur.
906 3993 969 4040 Cum
977 3994 1041 4039 enim
1054 3995 1087 4049 K,
1097 3996 1127 4042 ait
1137 4010 1263 4045 commuue
1273 4008 1381 4046 ceruum
1388 4016 1446 4063 gra-

809 4056 886 4103 vitatis
896 4072 1019 4117 corporum
1034 4059 1055 4104 A
1068 4069 1092 4106 et
1106 4061 1131 4115 B,
1155 4061 1288 4125 (perhyp.)
1305 4063 1348 4110 crit
1361 4064 1385 4111 A
1399 4083 1406 4113 t
1421 4066 1445 4114 B

809 4140 844 4166 =
858 4119 882 4167 K
896 4121 936 4167 Ba
953 4121 977 4168 Κ
993 4123 1015 4168 A
1028 4122 1082 4185 (60)
1099 4134 1123 4170 et
1140 4126 1194 4186 quia
1212 4125 1328 4187 impressa
1346 4130 1445 4190 quanti·

809 4184 1003 4248 tateamotbs(6)
1015 4189 1037 4233 A
1049 4194 1073 4243 Χ
1091 4189 1145 4241 Aa.
1160 4190 1374 4254 Bbiaquaics
1385 4205 1447 4243 mne

810 4249 864 4309 (per
884 4252 962 4311 hyp),
979 4250 1157 4301 eritetiamA:
1175 4254 1322 4303 B=Bb=
1339 4260 1398 4312 Aa.
1416 4274 1446 4306 a·

808 4311 988 4373 deoqueKB:
1005 4314 1181 4365 KA=Bb:
1198 4320 1445 4381 Aactcompouen.

810 4375 841 4421 do
856 4376 892 4421 vel
912 4375 1038 4425 dividendo
1058 4380 1128 4428 Kb:
1145 4382 1274 4430 rta=1t
1292 4386 1326 4431 b:
1345 4386 1444 4434 Aa=a

812 4442 853 4486 A:
870 4440 907 4496 1³5
924 4439 1065 4503 dumigitur
1082 4447 1213 4506 corporaA
1226 4456 1249 4493 et
1262 4448 1291 4502 Β,
1310 4447 1445 4509 adpuneu

809 4512 854 4550 aet
864 4505 889 4559 b,
899 4505 1002 4552 motibus
1010 4507 1126 4565 impressis
1132 4511 1276 4569 perveniunt.
1286 4523 1395 4559 centrum
1407 4515 1443 4571 K,

808 4566 934 4614 immotum
944 4571 1055 4618 remansit
1063 4571 1125 4635 (60),
1135 4588 1162 4618 ac
1169 4574 1302 4632 proinddab
1310 4577 1443 4638 aequalibus

808 4641 917 4678 motuum
928 4635 1097 4682 mutationibus
1114 4635 1139 4680 in
1150 4638 1274 4684 contrarias
1285 4650 1362 4700 partes
1372 4640 1444 4691 factis

809 4709 857 4740 non
875 4705 951 4743 mutat
972 4709 1059 4745 sutum
1084 4713 1155 4745 auum
1183 4700 1262 4747 motus
1282 4703 1319 4751 rei
1345 4706 1443 4768 quietis.

320 4812 328 4826 .
480 4812 487 4826 .
499 4812 506 4825 ·
810 4759 959 4820 Quapropter
969 4776 1025 4808 cum
1035 4770 1118 4807 mutua
1124 4776 1249 4822 corporum
1261 4768 1383 4833 actio(per
1391 4770 1443 4834 leg.

148 4826 212 4862 trum
222 4811 340 4878 gravitatis
352 4812 387 4867 Η,
400 4827 487 4860 morat
498 4829 523 4860 ru
534 4814 605 4874 piano
622 4815 653 4863 ad
669 4832 776 4879 assump-
808 4827 831 4868 2.
843 4824 879 4882 3.)
901 4823 1003 4885 aquales
1020 4823 1161 4870 mutationes
1181 4826 1205 4872 in
1223 4838 1323 4893 utroqm
1341 4848 1443 4895 corpora

148 4890 199 4927 tum
210 4877 394 4944 pnputdicaiari
401 4895 410 4937 3
426 4892 520 4927 caoeua
537 4878 610 4943 igitur
626 4893 662 4930 eat
679 4892 707 4931 ut
720 4897 775 4930 ceo·
807 4886 887 4935 reru'ra
896 4896 973 4951 partes
983 4885 1108 4935 conuariaa
1118 4888 1237 4948 producat.
1249 4909 1376 4946 commune
1383 4914 1439 4964 gra-
