3188 5444
153 488 192 547 52
467 474 804 543 PHILOSOPHIAE
832 475 1102 543 NATURALIS
1150 476 1259 555 [Mor.
1278 478 1432 543 Conron.

192 654 287 716 Corol.
307 659 333 715 l.
357 651 419 739 (¹¹)
444 647 486 715 Et
500 651 575 715 hinc
587 644 676 714 facile
691 650 855 739 colligitur,
872 653 956 736 quod
977 671 1144 733 corporum
1158 651 1272 716 similes
1288 651 1435 716 similium

147 759 317 846 figurarum
331 770 435 842 partes
460 756 650 842 temporibus
671 756 953 841 proportionalibus
968 757 1209 821 describentium
1223 781 1356 836 errores,
1379 759 1435 845 qui

150 865 266 928 viribus
280 864 437 952 quibusvis
452 864 621 951 aequalibus
643 863 683 926 ad
705 885 837 947 corpora
850 864 990 927 similiter
1004 865 1164 949 applicatis
1178 880 1379 952 generantur,
1404 882 1436 931 et

148 985 375 1050 mensurantur,
390 993 448 1056 per
466 971 626 1036 distantias
648 992 813 1054 corporum
829 994 848 1034 a
862 971 1033 1058 figurarum
1048 972 1192 1035 similium
1207 973 1284 1038 locis
1299 973 1371 1051 illis,
1394 974 1436 1037 ad

149 1101 220 1164 quae
234 1099 366 1163 corpora
379 1078 489 1143 eadem
503 1076 693 1162 temporibus
707 1076 817 1140 iisdem
832 1078 1114 1161 proportionalibus
1140 1080 1207 1142 sine
1228 1080 1345 1144 viribus
1368 1080 1436 1151 istis

151 1185 356 1269 pervenirent,
391 1198 464 1248 sunt
491 1198 527 1247 ut
554 1183 704 1271 quadrata
732 1196 907 1267 temporum
936 1184 969 1246 in
999 1184 1110 1270 quibus
1138 1199 1327 1272 generantur
1342 1209 1435 1272 quam

151 1311 302 1376 proxrme.

195 1398 291 1461 Corol.
314 1403 345 1460 2.
368 1397 419 1482 (¹)
444 1396 575 1460 Errores
601 1410 704 1460 autem
726 1396 779 1482 qui
801 1395 916 1459 viribus
941 1398 1224 1481 proportionalibus
1253 1398 1294 1462 ad
1319 1400 1434 1465 similes

150 1504 320 1590 figurarum
334 1504 478 1566 similium
499 1518 603 1588 partes
621 1502 760 1566 similiter
774 1503 934 1587 applicatis
948 1520 1145 1591 generantur,
1170 1518 1243 1569 sunt
1256 1518 1291 1569 ut
1304 1507 1386 1570 vires
1402 1521 1435 1572 et

152 1610 302 1695 quadrata
315 1623 490 1696 temporum
505 1611 702 1696 conjunctim.

194 1717 290 1780 Corol.
306 1723 336 1780 3.
360 1716 416 1801 (1)
440 1716 530 1781 Idem
554 1714 789 1803 intelligendum
803 1729 851 1780 est
865 1717 905 1780 de
920 1718 1025 1802 spatiis
1041 1718 1198 1804 quibusvis
1213 1741 1284 1805 quae
1299 1741 1432 1804 corpora

151 1822 330 1909 urgentibus
345 1821 473 1886 diversis
494 1822 609 1886 viribus
620 1822 808 1886 describunt.
853 1823 936 1886 Haec
958 1836 1040 1902 sunt,
1063 1825 1132 1909 ipso
1157 1837 1260 1890 motus
1275 1826 1373 1903 initio,
1399 1840 1435 1891 ut

151 1928 231 2022 vires
246 1941 278 1993 et
291 1928 440 2016 quadrata
453 1942 628 2014 temporum
650 1929 847 2014 conjunctim.

195 2035 291 2098 Corol.
314 2043 344 2098 4.
356 2020 505 2122 'Ideoque
527 2037 607 2099 vires
630 2049 701 2099 sunt
717 2047 750 2098 ut
764 2034 872 2119 spatia,
896 2036 964 2120 ipso
979 2048 1081 2100 motus
1096 2038 1194 2115 initio,
1218 2038 1374 2123 descripta
1388 2039 1436 2102 di·

149 2139 233 2205 reete
247 2152 278 2203 et
291 2139 441 2226 quadrata
454 2154 628 2225 temporum
642 2140 772 2204 inverse.

194 2247 290 2310 carol.
314 2252 343 2310 5.
367 2241 420 2310 Et'
434 2246 583 2334 quadrata
604 2261 779 2331 temporum
794 2261 867 2311 sunt
882 2261 917 2311 ut
930 2248 1086 2334 descripta
1100 2252 1199 2335 spatia
1212 2252 1329 2318 directe
1343 2268 1375 2318 et
1390 2254 1435 2316 vi·

151 2374 201 2416 res
215 2374 345 2416 inverse.

714 2522 869 2586 scholium.

196 2682 230 2747 Si
244 2683 428 2768 quantitates
442 2683 687 2749 indeterminatae
708 2685 900 2750 diversorum
919 2711 1070 2776 generum
1084 2690 1284 2758 conferantur
1297 2695 1381 2761 inter
1394 2721 1440 2777 se,

150 2802 182 2854 et
203 2810 309 2853 earum
331 2789 433 2876 aliqua
447 2789 567 2855 dicatur
580 2814 648 2856 esse
663 2805 697 2856 ut
711 2806 758 2856 est
772 2793 832 2856 elia
847 2797 962 2880 quaevis
977 2795 1093 2860 directe
1107 2798 1157 2861 vel
1178 2799 1313 2866 inverse:
1330 2826 1439 2870 sensus

150 2953 228 3000 motus
245 2953 313 3001 initio
330 2964 441 3018 tauquam
456 2957 608 3005 immutabilis
622 2959 720 3020 spectari
731 2974 774 3019 po·
807 2959 965 3007 acceleratrice
976 2961 1125 3009 sollicitatum
1136 2964 1211 3025 spatia
1223 2965 1245 3012 E
1259 2966 1286 3022 C,
1303 2982 1318 3013 e
1327 2983 1347 3023 c,
1359 2969 1438 3018 diver.

807 3024 839 3070 sia
857 3026 1000 3086 temporibus
1021 3027 1164 3081 describeret,
1180 3029 1285 3092 adeoque
1303 3033 1379 3092 spatia
1397 3037 1439 3084 illa

802 3099 864 3142 mut,
880 3089 931 3149 ipso
949 3099 1027 3136 motus
1037 3091 1112 3146 initio,
1131 3103 1159 3140 ut
1173 3093 1288 3154 quadrata
1303 3105 1438 3159 temporum

801 3154 886 3214 quibus
903 3164 1071 3214 percurruntur
1090 3155 1172 3212 (Lem.
1188 3159 1237 3217 X.)
1259 3158 1323 3214 BC.
1345 3163 1394 3217 bc,
1413 3178 1437 3212 et

803 3217 889 3279 quibus
909 3220 995 3279 absque
1016 3219 1102 3266 virium
1129 3221 1317 3281 perturbantium
1338 3227 1437 3276 wana

803 3294 995 3341 percurrerentur
1013 3298 1081 3330 arcus
1096 3283 1183 3331 similes
1205 3286 1271 3344 BE,
1289 3289 1343 3347 ὕες
1359 3291 1437 3356 stigi-

801 3355 841 3392 tur
851 3347 910 3392 vires
922 3345 969 3392 illre
981 3350 1142 3408 perturbantes
1152 3359 1316 3409 supponantur
1327 3366 1438 3403 conuu-

803 3421 843 3463 tea,
860 3410 935 3471 spatia
956 3411 979 3458 E
994 3413 1022 3466 C,
1041 3427 1085 3465 ec,
1107 3428 1155 3459 uon
1174 3412 1253 3460 solum
1271 3415 1439 3476 motllsinitiq

804 3473 845 3522 sed
863 3485 886 3521 et
904 3484 1008 3536 tempore
1031 3475 1097 3522 tuito
1108 3476 1230 3537 descripta,
1248 3489 1319 3527 erunt
1333 3492 1362 3529 ut
1378 3499 1438 3544 pm.

804 3539 920 3586 dictorum
941 3550 1075 3600 temporum
1094 3540 1207 3602 quadrata
1226 3542 1290 3606 (27).
1334 3545 1439 3597 Undim'

804 3602 932 3651 admodum
951 3604 1037 3667 exigua
1046 3605 1077 3651 sit
1092 3603 1179 3652 virium
1196 3609 1385 3664 perturbantium
1395 3627 1437 3659 va-

806 3668 882 3724 riatio,
898 3667 972 3728 spatia
988 3684 1029 3714 seu
1046 3683 1134 3716 errores
1153 3679 1311 3733 emnt'quam
1328 3676 1437 3734 proxime

807 3741 834 3779 ut
844 3730 956 3794 quadrata
966 3742 1106 3792 temporum.

842 3794 879 3860 (ἱ)
899 3801 951 3846 119.
971 3797 1068 3844 Euoras
1086 3807 1166 3845 autem
1183 3797 1224 3860 qul
1242 3797 1332 3847 viribus
1342 3818 1439 3865 propos.

809 3859 941 3918 tionalibua
959 3877 1001 3908 sau
1019 3861 1106 3908 viribus
1121 3862 1146 3908 irr
1161 3861 1217 3909 dut
1232 3863 1324 3912 ratione
1339 3868 1441 3917 existen-

808 3925 877 3979 tibus.
894 3923 924 3971 ad
943 3925 1031 3972 similes
1047 3925 1177 3988 figurarum
1189 3926 1303 3975 similium
1321 3934 1441 3990 partasi-

183 3990 221 4054 (u)
241 3997 293 4041 118.
314 3992 417 4052 Corpora
427 3990 476 4039 duo
489 3993 511 4040 Α
522 4004 546 4041 et
556 4009 576 4047 a.
594 4009 676 4042 curras
691 3994 777 4043 similes
808 3989 895 4036 militer
912 3988 1031 4050 tpplioetit
1049 4000 1198 4051 generantur,
1216 4002 1273 4040 sunt
1292 4003 1320 4040 ut
1338 3995 1401 4044 vires
1416 4009 1441 4046 et

155 4056 256 4111 ABE,
273 4059 344 4112 abe,
361 4055 500 4118 illammqua
518 4069 594 4118 partes
608 4059 730 4107 similesA
744 4061 774 4114 Β,
807 4053 919 4116 (111ῑᾶῠῦ
934 4063 1065 4112 ‘mmmm
1084 4054 1236 4118 wnjunefim
1272 4057 1443 4109 limitem·

151 4121 198 4173 ab,
219 4120 283 4176 BE.
296 4123 344 4179 be,
361 4119 504 4181 temporibus
514 4122 723 4182 proportionalibus
733 4123 775 4170 de·
807 4132 863 4178 por!
879 4126 935 4164 tunt
953 4117 1041 4171 eadem,
1059 4134 1147 4166 morea
1165 4129 1221 4167 aunt
1239 4118 1266 4166 in
1281 4119 1337 4170 dud
1347 4125 1440 4174 ratione

150 4185 264 4242 sumna
293 4184 386 4232 duona
412 4184 474 4231 hisee
500 4187 640 4246 serpenbus
668 4202 724 4234 cum
745 4187 774 4235 ad
807 4181 902 4238 viriumz
919 4183 938 4228 u
959 4182 1019 4228 vim
1040 4192 1095 4230 mut
1117 4182 1212 4237 eadem
1235 4198 1325 4232 errores
1336 4199 1394 4236 sunt
1412 4191 1439 4239 iu

98 4241 104 4251 '
151 4257 241 4309 puncta
253 4250 275 4297 Β
286 4252 343 4304 ιιι),
360 4248 512 4310 pervenerim,
529 4251 644 4298 madunt
659 4266 725 4298 nom
741 4251 774 4297 vi.
807 4245 924 4305 duplioata
934 4246 1023 4293 ratione
1040 4257 1173 4308 temporum
1183 4248 1270 4309 quibua
1280 4263 1442 4313 gauoeumrg

150 4329 187 4360 res
206 4312 376 4361 aoeelemtriees
392 4314 452 4360 inter
470 4329 494 4360 se
513 4315 614 4378 aquales
630 4325 654 4362 et
669 4315 776 4362 similiter
807 4309 862 4356 cum
873 4310 945 4372 igitur
955 4310 1014 4358 viras
1024 4322 1048 4358 et
1058 4321 1164 4372 tempora
1172 4313 1269 4365 variam.
1282 4328 1374 4362 enum
1383 4330 1441 4367 mut

149 4377 278 4438 ,ρριῑοιων
294 4392 346 4439 (μ
361 4377 476 4439 prioribus
486 4379 572 4427 viribus
582 4378 668 4426 aldim
679 4394 776 4439 ωφοη
807 4374 833 4420 in
852 4374 941 4422 ratione
960 4375 1088 4435 compositi
1104 4392 1133 4423 ex
1145 4376 1199 4425 dau
1215 4376 1301 4424 virium
1312 4379 1405 4429 ratione
1415 4394 1442 4432 et

150 4441 257 4489 delerant
268 4457 308 4501 par
318 4456 385 4488 aratra
397 4444 418 4490 Β
431 4443 459 4497 C,
475 4444 491 4490 b
502 4459 522 4491 e·
555 4443 695 4506 Jungantur
705 4454 776 4491 reeta
807 4437 925 4498 duplicata
935 4450 1073 4499 temporum·

154 4505 215 4558 Ec,
232 4519 276 4558 ec,
293 4520 347 4566 qun
362 4521 452 4571 morra
462 4506 511 4554 wli
521 4507 607 4554 virium
617 4508 774 4568 penurbgnfi.
842 4502 876 4564 (l)
904 4509 957 4552 190·
976 4505 1038 4552 Nam
1058 4505 1117 4551 tlte!
1139 4503 1217 4551 moitis
1238 4505 1306 4553 initio
1327 4517 1440 4570 unquam

152 4586 192 4617 um
204 4569 295 4617 amioue
304 4570 396 4631 genitos
408 4582 539 4630 exponent3
559 4571 640 4618 linere
656 4571 719 4618 euim
730 4570 777 4618 illas
809 4576 939 4614 constantes
958 4569 1036 4615 baberi
1055 4578 1154 4630 possunt
1171 4568 1255 4630 (117);
1272 4569 1347 4631 dupla
1358 4583 1440 4623 autem

150 4645 207 4682 sunt
224 4634 298 4694 spatia
314 4634 363 4680 soli
380 4635 465 4682 virium
483 4636 669 4695 perturbantium
686 4636 776 4682 actione
808 4631 888 4691 spatia,
905 4632 1009 4708 adeospe
1028 4633 1141 4693 simplicia
1161 4633 1242 4692 spatia,
1267 4650 1321 4695 qua·
1342 4651 1440 4698 eorpus·

150 4699 272 4760 descripta.
309 4698 372 4746 Cum
383 4709 461 4747 autem
473 4700 532 4747 vires
549 4702 710 4760 perturbantes
721 4715 777 4759 sup-
808 4696 946 4758 urgentibus
957 4698 1043 4743 viribus
1054 4696 1215 4744 constantibus
1226 4696 1370 4756 describunt,
1382 4711 1439 4750 sunt

151 4775 267 4824 ponantur
284 4763 384 4824 aquales
401 4774 425 4812 et
441 4764 546 4812 similiter
564 4764 691 4825 applicate,
709 4763 772 4811 idem
804 4771 831 4807 ut
841 4761 899 4809 vires
910 4772 933 4808 et
944 4761 1197 4824 quadmtaternponrm
1209 4763 1355 4825 conjunctim
1367 4766 1423 4828 (³0)

150 4830 285 4893 contingere
299 4827 368 4876 debet
383 4828 440 4876 sesi
456 4844 541 4890 corpus
551 4829 647 4892 aliquod
656 4827 737 4877 eidem
748 4829 771 4875 vi
804 4841 860 4888 ergo
883 4826 957 4886 sputis
977 4842 1030 4889 quas
1056 4840 1154 4888 corpora
1180 4828 1321 4889 urgentibus
1343 4828 1439 4878 diversis
