3202 5446
163 467 204 524 24
474 453 811 522 PHILOSOPHIAE
838 451 1108 522 NATURALIS
1199 462 1349 536 [Aaron.
1370 478 1442 525 sm

203 631 235 717 (¹)
259 631 306 698 Ut
319 629 344 694 si
359 651 470 715 corpus
484 629 668 715 sphaerieum
684 628 715 693 A
730 628 768 691 sit
782 627 877 713 triplo
895 628 993 714 majus
1008 650 1138 713 corpore
1157 627 1309 713 sphoerioo
1324 630 1365 710 B,
1386 631 1441 697 ha·

159 738 291 825 beatque
304 738 380 802 duas
394 736 561 823 velocitatis
575 748 691 822 partem
714 735 789 799 etB
812 746 956 821 sequatur
969 735 1003 798 in
1016 734 1125 799 eidem
1154 734 1237 801 recti
1258 758 1332 803 oum
1355 738 1442 803 veio-

159 847 256 910 citatis
270 845 408 930 partibus
422 844 539 922 decem,
555 843 686 930 ideoque
696 854 798 905 motus
808 841 901 927 ipsius
913 841 1040 906 Asitad
1053 853 1172 905 motum
1180 841 1274 927 ipsius
1284 842 1324 922 B,
1335 856 1372 909 nt
1384 866 1440 911 sex

158 954 198 1018 ad
218 952 339 1017 decem:
366 963 522 1036 ponantur
540 962 641 1014 motus
664 949 723 1012 illis
737 971 801 1013 esse
825 949 959 1034 partium
983 970 1039 1012 sex
1058 961 1089 1012 et
1107 949 1241 1033 partium
1260 948 1380 1032 deoem,
1409 967 1440 1017 et

157 1081 278 1124 summa
291 1059 350 1123 erit
363 1061 497 1144 partium
512 1060 676 1126 sexdecim.
721 1059 761 1124 In
775 1081 940 1144 corporum
954 1059 1048 1148 igitur
1062 1081 1223 1138 concursu,
1239 1061 1265 1125 si
1278 1083 1393 1148 oorpus
1407 1063 1438 1128 A

157 1167 294 1231 lucretur
308 1172 408 1230 motus
421 1179 524 1252 partes
537 1179 599 1232 tres
613 1166 662 1231 vel
677 1178 808 1252 quatuor
821 1166 870 1229 vel
896 1165 1040 1252 quinque,
1064 1187 1176 1251 oorpus
1192 1167 1220 1231 B
1234 1168 1354 1234 anuttet
1366 1192 1438 1256 par·

157 1289 201 1340 tes
213 1274 351 1353 totidem,
367 1274 505 1361 adeoque
524 1286 633 1363 perget
646 1296 758 1359 corpus
774 1274 803 1336 A
818 1286 889 1358 post
898 1273 1097 1338 reflexionem
1124 1295 1196 1337 cum
1217 1275 1357 1359 parnisus
1381 1299 1440 1343 no·

157 1405 225 1447 vem
240 1381 289 1446 vel
303 1381 411 1447 deoem
425 1382 474 1446 vel
488 1383 641 1460 undecim,
658 1395 689 1446 et
704 1382 813 1446 Bcum
822 1380 962 1465 partibus
976 1392 1093 1465 septem
1106 1381 1154 1444 vel
1165 1403 1220 1445 sex
1234 1381 1281 1445 rel
1290 1382 1436 1471 quinque,

159 1551 212 1600 tir·
222 1550 309 1599 elaterii
319 1550 349 1599 ad
360 1551 407 1599 rim
417 1549 600 1614 oompressinm,
610 1549 666 1610 sire,
678 1552 740 1618 quod
751 1569 780 1600 ea
845 1548 890 1616 (m)
907 1557 945 1603 55.
965 1553 1071 1618 Cognitis
1080 1551 1248 1617 quantitatibus
1265 1564 1376 1603 motuum
1385 1556 1438 1620 qui-

157 1619 319 1667 demonstratis
332 1617 394 1665 idem
405 1630 446 1674 est,
466 1619 525 1667 ratio
535 1619 662 1667 velocitan's
671 1619 779 1680 respecti·
812 1619 910 1664 busourn
918 1633 1013 1679 oorpora
1019 1626 1071 1678 post
1078 1617 1212 1664 ooniiiotum
1219 1627 1323 1682 pergant,
1331 1619 1438 1670 insenis-

156 1699 192 1730 ιω
208 1693 260 1744 post
277 1683 406 1744 impactum
423 1683 453 1732 ad
470 1683 614 1732 velocitatem
630 1683 780 1744 inspectivam
808 1681 1087 1746 turcujuaquoreiooitas
1094 1680 1439 1745 dividendoquantitaoemma.

156 1746 211 1796 anti
229 1747 363 1808 impactum,
384 1763 455 1810 quam
465 1747 614 1795 rationemin
629 1747 710 1795 iisdem
729 1763 779 1794 cor·
811 1744 849 1794 tns
870 1746 984 1809 cujusque
1004 1744 1106 1808 corporis
1121 1761 1163 1805 per
1183 1744 1247 1793 illius
1266 1761 1368 1796 massam
1391 1748 1437 1814 (6),

156 1813 251 1875 ροπ1υε
267 1821 410 1860 constantem
421 1827 477 1867 esse,
495 1812 659 1874 experimentis
675 1812 780 1873 probarit
812 1810 934 1858 autetiam
945 1810 1001 1873 quia
1011 1809 1115 1873 ejusdem
1127 1810 1227 1871 oorporis
1237 1809 1333 1860 diversa
1342 1814 1439 1875 quanti-

158 1876 302 1929 Nswaorsns,
321 1876 364 1923 nisi
374 1887 452 1924 tamen
463 1886 539 1937 partes
555 1892 677 1938 oorporum
688 1891 780 1924 excon-
812 1884 872 1922 tates
881 1872 967 1932 mnus,
976 1883 1032 1921 sunt
1047 1884 1075 1921 ut
1084 1874 1216 1922 velocitates
1227 1874 1272 1940 (6),
1290 1874 1399 1933 dicendo,
1410 1888 1439 1927 nt

155 2069 265 2118 destituta
276 2080 443 2130 supponantur,
461 2069 520 2116 etin
536 2068 564 2115 ei
579 2069 700 2129 hypothesi
715 2083 780 2130 qua·
812 2064 946 2112 condictum
956 2066 986 2113 sd
996 2065 1060 2113 iilius
1070 2066 1214 2114 velocitatem
1231 2068 1438 2128 postooniiiotum.

155 2145 220 2182 satur
230 2134 348 2210 quantitas
359 2132 444 2208 monis¹
454 2132 478 2179 in
490 2147 631 2208 unoquoque
641 2147 737 2207 σοφοῖς
749 2147 778 2207 eq
822 2193 828 2205 ³
845 2131 881 2206 (p)
898 2136 941 2205 56.Ι
954 2130 979 2178 Si
989 2145 1085 2192 oorpora
1092 2133 1277 2207 quascumqued
1288 2133 1352 2208 etii,
1359 2133 1440 2187 dire.

155 2196 491 2322 mamillam
498 2195 779 2320 {intinxit}
809 2195 1439 2321 ,iitiffiiqitilifsissiiiffimmfflss

155 2324 205 2378 aiis,
215 2338 306 2371 summa
314 2323 418 2370 eritvera
425 2323 540 2385 quantitas
547 2322 625 2370 motiia
633 2339 661 2370 es
670 2323 779 2372 ooniiictu
809 2332 849 2369 tus
858 2332 910 2383 post
920 2323 1055 2385 impactum.
1076 2322 1258 2387 eognoscendus
1267 2334 1302 2372 aa
1311 2325 1371 2373 situs
1387 2327 1439 2387 pls-

156 2403 278 2464 corpqmm
289 2386 422 2462 imperfecte
432 2386 578 2434 elasticorum
595 2387 620 2434 in
639 2403 780 2464 unoquoque
811 2386 836 2463 ni
849 2386 869 2434 F
881 2388 910 2442 L,
928 2403 943 2434 a
953 2403 1001 2450 quo
1016 2403 1112 2449 corpora
1128 2387 1289 2463 noncurrentia
1304 2398 1440 2467 tanguntur

156 2515 417 2576 ω,
434 2451 779 2578 nutarentur:
810 2451 1440 2579 tantumtanturn*

155 2582 275 2640 reperitur,
288 2578 398 2639 utsuprd
412 2579 489 2626 omnis
499 2580 614 2642 quantitas
628 2579 706 2627 motiis
717 2581 780 2629 illins
810 2580 885 2627 endas
902 2590 937 2628 est
946 2580 971 2627 in
982 2579 1043 2628 dnos
1056 2581 1078 2627 A
1092 2580 1124 2633 D,
1142 2590 1167 2627 et
1178 2581 1202 2628 A
1216 2580 1242 2636 1³,
1261 2582 1283 2630 Β
1295 2581 1354 2631 Est
1365 2584 1388 2632 B
1430 2618 1438 2639 ,

156 2655 206 2706 post
215 2643 359 2692 oondicturn.
394 2643 511 2704 Exemplo
521 2644 562 2691 lux
573 2645 701 2708 affulgebit.
810 2660 886 2691 unum
897 2643 981 2705 nempd
994 2647 1016 2692 A
1037 2645 1109 2692 Fau
1124 2644 1149 2692 1>
1162 2645 1189 2696 C.
1206 2646 1263 2694 een
1276 2646 1303 2694 H
1312 2662 1355 2695 seu
1368 2648 1394 2697 a:
1407 2650 1437 2705 C,

189 2708 217 2773 (¹)
235 2715 272 2758 5⁴.
292 2706 383 2755 Globus
393 2710 423 2766 A,
442 2708 473 2755 sit
482 2708 552 2769 triplo
569 2709 644 2773 major
660 2709 730 2772 globo
748 2710 778 2766 B,
810 2709 865 2756 huic
876 2709 946 2770 pisno
959 2709 1009 2756 FL
1019 2707 1239 2770 perpendicularem.
1251 2708 1351 2758 alterum
1363 2712 1389 2761 A
1402 2713 1438 2769 D,

155 2773 284 2834 habeatque
297 2771 357 2819 duos
366 2772 494 2820 velocitatis
511 2772 603 2836 gradus,
621 2773 685 2820 illius
703 2773 780 2821 motiis
811 2773 876 2827 ΒΕ,
888 2773 965 2820 eidem
975 2771 1119 2834 parallelum.
1156 2773 1220 2828 Quia
1229 2772 1284 2822 vero
1293 2789 1437 2836 maass-

155 2836 781 2964 rrutnitl‘ntarlnnutr
811 2836 1440 2964 *rnitrdtutnldlnsntla

894 2965 917 3077 r
930 2965 1439 3090 ,nummu

154 3046 490 3154 imnmuniipostssconflictum
503 3095 556 3159 (⁵2)
569 3095 674 3145 eritis:
696 3102 719 3151 4,
737 3112 778 3143 seu
812 3045 1066 3155 ‹lque'retineniirsunt
1085 3092 1155 3140 iidem
1173 3103 1225 3152 post
1241 3066 1377 3145 oonflionsin
1430 3100 1439 3112 '

155 3164 185 3215 ⁴3
202 3173 273 3220 quare
283 3158 400 3219 quantitas
410 3157 487 3205 motus
498 3159 570 3219 ipsius
580 3161 609 3213 A.
622 3170 675 3219 post
685 3159 778 3207 oonflic-
810 3167 940 3205 etantanto
950 3156 1094 3214 conflictum
1111 3167 1134 3204 et
1145 3157 1246 3206 motibus
1259 3113 1440 3220 perpendiou‘iff

154 3232 205 3269 tum
217 3221 286 3269 crito
300 3229 324 3278 ><
338 3227 359 3275 l,
372 3237 412 3269 seu
427 3227 462 3269 12.
484 3224 513 3276 B,
532 3221 586 3270 vero
595 3224 711 3286 quantitas
727 3240 778 3270 mo-
809 3222 874 3269 ribus
894 3222 918 3270 D
931 3221 959 3275 C,
979 3221 1002 3269 E
1015 3221 1043 3273 C.
1063 3221 1203 3269 mutationes
1214 3223 1313 3285 aquales
1322 3225 1349 3272 in
1359 3236 1440 3287 partu

154 3285 192 3333 tias
203 3286 246 3332 erit
259 3291 268 3332 1
285 3293 309 3341 χ
324 3294 345 3339 4,
357 3302 399 3333 seu
410 3291 433 3334 ⁴..
470 3287 553 3349 ltaque
567 3288 684 3349 quantitas
702 3288 778 3336 motis
809 3286 963 3333 oontsariasC
973 3285 1004 3339 D,
1019 3286 1039 3333 C
1048 3286 1077 3340 E,
1089 3285 1219 3332 tribuenda
1226 3298 1282 3335 sunt
1289 3288 1321 3336 sio
1331 3300 1360 3338 ut
1370 3305 1438 3339 nrm·

153 3366 168 3397 a
178 3364 274 3410 corporo
287 3350 315 3403 13,
328 3351 412 3396 amissa
422 3360 463 3407 est,
476 3358 498 3406 6,
517 3360 541 3398 et
551 3352 641 3411 corpori
655 3353 685 3405 A.
698 3353 777 3416 anqui-
808 3365 848 3396 ms
865 3349 1047 3410 conspirantium
1066 3360 1090 3396 et
1116 3349 1246 3397 differentia
1264 3356 1438 3403 contrariom

153 3415 197 3461 sita
209 3424 243 3461 est
261 3413 338 3467 etiam,
360 3420 375 3462 6
389 3447 413 3461 ..
428 3446 452 3461 ..
471 3424 505 3462 ao.
537 3416 561 3463 sl
572 3415 636 3478 globi
654 3427 710 3464 suns
726 3432 777 3477 per.
809 3424 902 3460 maneat
912 3413 994 3460 eadam
1004 3412 1287 3473 anteetpostcondictum
1299 3419 1404 3479 (Coroll,
1413 3426 1439 3470 8,

152 3477 213 3526 facet
237 3477 331 3534 classici,
357 3478 496 3541 quantitates
522 3479 570 3526 ilisa
597 3479 709 3541 duplicari
736 3480 777 3528 de.
810 3477 899 3538 It'erot.)
919 3478 953 3525 Ut
962 3477 1040 3539 itaque
1051 3492 1175 3537 corporum
1188 3479 1210 3524 A
1222 3489 1246 3525 et
1258 3481 1287 3535 B,
1307 3481 1334 3528 in
1344 3500 1370 3532 se
1380 3502 1438 3536 mu.

152 3544 209 3590 bant
225 3542 286 3607 (53).
297 3551 366 3588 erunt
384 3542 456 3605 igitur
467 3549 497 3591 12
508 3554 532 3590 et
546 3549 580 3591 ta.
614 3545 638 3592 Si
651 3545 774 3608 quantitati
808 3539 851 3588 tud
862 3540 954 3603 obliqui.
965 3540 1117 3588 incidentium
1128 3551 1207 3587 motus
1216 3554 1270 3603 post
1285 3545 1360 3595 ictum
1370 3550 1437 3601 im.

152 3607 231 3654 motiis
272 3613 294 3661 6,
306 3605 369 3667 globi
379 3608 409 3663 A,
421 3605 476 3655 anti
486 3606 620 3655 conflictum
627 3609 721 3672 jungas,
736 3615 772 3666 12,
806 3605 904 3659 nhnlur.
926 3615 990 3651 11¹⁰ss
1000 3604 1114 3652 duntaxat
1131 3618 1293 3665 supponantur
1302 3626 1344 3671 per
1362 3612 1438 3665 lineas

151 3686 244 3718 summa
252 3670 301 3724 orit,
314 3675 349 3725 18,
366 3671 567 3732 quantitasmotris
581 3672 645 3719 illins
653 3683 704 3734 post
717 3689 772 3721 con-
807 3669 832 3717 Ι)
845 3670 865 3717 C
876 3680 901 3716 et
912 3669 935 3716 E
948 3669 976 3723 C,
997 3668 1157 3716 velocioribus
1176 3670 1200 3717 D
1220 3673 1276 3720 Cet
1287 3675 1310 3722 E
1324 3677 1352 3734 C,
1364 3689 1437 3744 ιαμ

151 3733 248 3792 111οωπις
258 3735 276 3782 si
287 3733 375 3783 vertier
389 3735 605 3797 quantitatemotds,
617 3742 652 3791 10,
662 3738 734 3798 ipsius
742 3739 771 3793 B,
841 3742 903 3812 ΟΛ
1082 3738 1117 3810 1)

151 3799 205 3847 antd
215 3798 348 3847 conflictum
354 3797 498 3855 subduxeris,
513 3805 548 3854 12,
560 3801 712 3862 quantitatem
722 3818 772 3849 mo·

150 3861 247 3973 tiisoper
262 3863 397 3911 condictum
413 3863 527 3917 amissam,
547 3864 665 3940 residuum
682 3873 770 3921 est-a,

149 3936 771 4054 1,,111Ὲ811131111111111

149 4055 289 4103 contrariam
304 4055 398 4119 plagam
411 4054 483 4101 resilit
493 4071 548 4102 oum
555 4055 599 4102 iulo
614 4057 690 4103 motin
697 4075 770 4120 qusn-

149 4117 258 4166 titana.
272 4152 321 4168 ...
338 4126 374 4167 3⁰.
400 4118 610 4181 SiglohidetB,
629 4121 770 4182 sintimpor·

149 4181 209 4229 festi
228 4183 322 4239 eiastici,
339 4183 413 4247 sitque
431 4198 453 4229 v.
466 4199 511 4246 gr..
524 4198 605 4230 eornm
616 4184 650 4230 vis
660 4186 769 4233 restituti-

148 4259 178 4292 va
188 4247 304 4307 subdupla
314 4248 349 4295 tia
365 4249 530 4307 compre-iras,
547 4248 591 4294 erit
601 4247 636 4294 vis
653 4264 768 4309 oomprea·

149 4311 197 4357 sira
207 4310 236 4357 ad
247 4312 295 4358 vim
306 4312 456 4359 restitutivam
469 4313 521 4386 (seu
532 4317 554 4365 9,
566 4311 596 4358 ad
611 4312 633 4373 1)
642 4322 668 4359 ut
741 4315 769 4361 ti·

148 4383 184 4421 tas
194 4373 276 4426 monis
289 4382 310 4427 6.
321 4390 349 4422 es
357 4377 404 4422 ictu
413 4375 655 4438 aequasitsvolsmissa
696 4393 769 4439 quan-

147 4439 237 4486 titatem
248 4439 331 4494 motta,
350 4445 371 4493 3,
392 4438 474 4486 solari
491 4439 617 4486 matitunvi
635 4441 769 4502 acquisitam

147 4502 185 4550 vei
195 4502 318 4561 amissam
340 4519 411 4565 quare
429 4505 479 4550 haec
489 4503 612 4564 quantitas,
629 4509 652 4558 3,
672 4504 770 4553 addatur

147 4566 276 4630 quantitati
294 4574 316 4621 6,
334 4583 361 4613 ex
374 4568 421 4613 ictu
432 4567 550 4629 acquisita
560 4568 584 4612 in
596 4583 691 4627 corpore
704 4570 734 4622 A,
747 4581 771 4617 ot

148 4631 237 4677 unisse
248 4631 272 4677 in
282 4646 377 4691 corpore
396 4632 425 4686 B,
444 4646 542 4683 summa,
560 4638 582 4685 9,
595 4632 639 4678 erit
655 4633 770 4693 quantitas

147 4696 226 4742 monis
236 4695 326 4759 integra
336 4705 384 4741 tam
395 4709 423 4741 ea
435 4695 483 4741 ictu
502 4695 572 4757 qudm
582 4710 610 4741 es
630 4696 723 4744 elaterio
733 4712 771 4743 ao-

147 4760 232 4822 quisita
243 4759 278 4806 rel
295 4759 379 4806 amissa
388 4776 396 4816 ;
412 4757 475 4804 unde
485 4759 601 4822 quantitas
619 4760 698 4807 motus
707 4760 771 4823 81011Ι

149 4823 179 4875 Λ,
191 4834 242 4884 post
252 4823 385 4872 condictum
396 4832 439 4878 est,
450 4828 466 4870 6
477 4823 510 4886 4
523 4829 545 4877 9,
555 4839 605 4880 son,
617 4828 656 4882 15,
667 4824 731 4887 globi
741 4827 770 4882 11,

149 4893 598 4949 to-o,sou1,quarummmmstst,
614 4892 649 4936 16.
811 4890 817 4901 ”
