3202 5446
172 507 288 574 Ltsan
304 509 470 589 Saeuum]
518 508 760 576 PRINCIPIA
785 509 1162 576 MATHEMATICA.
1384 523 1444 578 533

167 689 293 761 partem
307 675 403 755 illam,
420 700 493 764 quae
507 678 607 742 oritur
621 700 662 743 ex
677 678 830 742 densitate
844 677 944 755 fluidi,
960 677 1097 764 diximus
1112 699 1180 741 esse
1194 676 1228 739 in
1242 677 1401 763 duplicata
1415 702 1466 746 ra·

167 786 255 850 tione
266 786 455 865 velocitatis3
470 811 544 874 pars
560 789 666 866 altera,
683 811 754 875 quae
770 789 869 853 oritur
884 811 926 853 en
937 791 1102 854 tenacitate
1111 789 1210 869 fluidi,
1227 804 1274 854 est
1288 790 1461 870 uniformis,

169 894 233 960 tive
248 908 284 961 ut
298 909 493 961 momentum
508 898 676 982 temporis:
700 897 833 982 ideoque
843 898 909 981 jam
925 918 1058 983 pergere
1072 897 1181 961 liceret
1195 897 1235 960 ad
1249 910 1370 962 motum
1393 921 1462 962 cor·

164 1024 291 1088 porum,
307 1004 420 1090 quibus
435 1004 588 1068 resistitur
601 1004 716 1088 partim
737 1004 769 1066 vi
790 1003 938 1067 uniformi
961 1026 1016 1067 seu
1037 1004 1070 1066 in
1092 1005 1213 1067 ratione
1228 1018 1460 1070 momentorum

164 1112 326 1197 temporis,
350 1122 382 1176 et
403 1113 519 1197 partim
541 1112 574 1175 in
595 1111 715 1176 ratione
737 1109 895 1196 duplicati
908 1111 1087 1174 velocitatis.
1135 1111 1200 1176 Sed
1214 1112 1326 1180 sufficit
1340 1112 1459 1176 aditum

162 1220 349 1306 patefecisse
370 1221 412 1285 ad
432 1220 515 1287 hanc
538 1221 780 1306 speculationem
803 1219 835 1283 in
859 1220 1130 1304 Propositionibus
1146 1220 1242 1285 VIII.
1261 1235 1293 1285 et
1308 1222 1370 1286 IX.
1387 1246 1458 1308 quae

162 1326 359 1411 praecedunt,
376 1341 409 1392 et
422 1351 531 1393 eorum
548 1328 740 1393 Corollatiis.
773 1328 812 1415 (“)
824 1326 864 1392 Ιιι
877 1327 989 1392 iisdem
1000 1328 1107 1414 utique
1117 1351 1177 1413 pro
1192 1329 1333 1414 corporis
1348 1353 1457 1394 ascen-

162 1435 267 1501 dentis
289 1438 464 1503 resistentib
487 1439 643 1517 uniformi,
667 1460 739 1524 quae
754 1439 876 1521 exejus
889 1438 1042 1525 gravitate
1056 1440 1165 1517 oritur,
1190 1440 1335 1505 substitui
1349 1455 1455 1526 potest

162 1544 340 1609 resictentia
355 1544 528 1625 uniformis,
551 1568 622 1633 quae
638 1547 738 1610 oritur
752 1567 794 1610 ex
807 1546 973 1610 tenacitate
987 1546 1092 1624 medii,
1116 1548 1243 1633 quando
1257 1571 1371 1633 corpus
1387 1549 1454 1616 solit

159 1634 193 1715 ri
206 1651 299 1716 insitii
314 1665 475 1731 movetur3
498 1665 531 1718 et
552 1677 683 1739 corpore
704 1653 789 1718 rectit
812 1654 999 1718 ascendente
1020 1655 1137 1719 addere
1151 1656 1225 1721 licet
1238 1656 1320 1721 hanc
1335 1658 1455 1725 unifor-

159 1781 246 1824 mem
270 1760 478 1826 resistentiam
502 1762 534 1825 vi
558 1761 735 1849 gravitatis3
766 1761 960 1849 eandemque
982 1761 1167 1839 subducere,
1193 1764 1319 1850 quando
1339 1787 1453 1850 corpus

159 1864 248 1932 recta
261 1866 433 1933 descendit.
481 1868 618 1957 Pergere
633 1869 727 1933 etiam
749 1868 856 1933 liceret
870 1869 910 1932 ad
926 1854 1047 1932 motum
1069 1891 1247 1954 corporum,
1275 1872 1388 1956 quibus
1403 1895 1453 1936 re-

158 1977 278 2043 sistitur
299 1980 414 2063 partim
429 1979 634 2058 uniformiter,
657 1961 819 2063 partimin
834 1979 955 2042 ratione
969 1977 1149 2055 velocitatis,
1173 1991 1205 2041 et
1218 1981 1333 2062 partim
1347 1980 1380 2042 in
1403 2003 1452 2043 ra·

157 2087 245 2152 tione
255 2086 412 2172 duplicati
427 2087 610 2151 velocitatis.
659 2087 703 2152 Et
718 2087 800 2149 viam
815 2086 924 2170 aperui
938 2086 971 2148 in
988 2085 1260 2169 Propositionibus
1270 2086 1451 2169 praeceden·

157 2198 243 2262 tibus
259 2196 359 2261 XIII.
375 2208 407 2261 et
422 2196 518 2261 XIV.
535 2197 577 2282 (¹)
594 2197 626 2259 in
643 2196 755 2282 quibus
771 2194 865 2259 etium
880 2194 1053 2257 resistentia
1069 2191 1241 2269 uniformis,
1265 2214 1336 2278 quae
1350 2194 1450 2256 oritur

157 2332 198 2374 ex
212 2309 382 2373 tenacitate
393 2308 492 2372 medii
507 2329 566 2392 pro
576 2307 606 2369 vi
620 2305 791 2393 gravitatis,
816 2304 961 2368 substitui
982 2313 1096 2387 potest,
1120 2300 1169 2365 vel
1185 2322 1256 2363 cum
1271 2300 1391 2379 eidem,
1415 2316 1449 2365 ut

155 2417 255 2501 prius,
271 2414 427 2500 componi.
472 2414 536 2480 Sed
550 2436 687 2499 propero
701 2413 742 2477 ad
756 2412 825 2477 alia.

188 2612 225 2676 (¹)
238 2618 251 2644 ·
263 2615 296 2661 In
304 2616 384 2661 iisdem
394 2616 476 2676 utiquc
490 2610 566 2673 (105).
819 2607 955 2667 exponebat,
967 2617 1084 2651 summam
1094 2601 1212 2665 gravitatis
1220 2611 1243 2648 et
1251 2601 1386 2649 resistentia
1392 2601 1443 2650 uni·

186 2676 224 2741 (“)
244 2682 257 2708 ”
269 2681 302 2726 In
321 2682 402 2739 quihus
418 2687 486 2726 attam
505 2676 632 2723 veementis
653 2675 786 2749 ungnrmu,
818 2671 900 2718 formis
921 2670 946 2716 itt
967 2668 1082 2730 praedictis
1104 2666 1315 2714 constructionibus
1336 2675 1443 2726 exponet.

155 2741 201 2789 boc
212 2751 254 2798 eat,
271 2742 386 2799 aicorpus
397 2741 445 2789 soli
456 2741 478 2787 vi
490 2738 560 2787 insita
576 2741 670 2795 seratur,
688 2753 713 2786 nt
730 2752 786 2786 con·
820 2734 953 2785 Tandemsi
964 2748 1050 2795 eorpus
1060 2732 1081 2781 vi
1093 2729 1349 2796 mviutisdescendtt,
1362 2730 1444 2780 eedem

153 2805 322 2853 structiom'bus
334 2807 403 2867 Prop.
421 2805 499 2852 xttt.
519 2814 542 2851 et
561 2805 644 2857 xlv„
662 2820 715 2866 quae
731 2814 787 2851 tunt
818 2801 934 2863 quantitas
950 2816 1003 2863 qua·
1019 2798 1091 2845 solam
1103 2798 1386 2871 gratimtetu'etponebst,
1404 2812 1444 2844 er-

152 2885 197 2931 pro
207 2871 310 2930 corporis
320 2886 421 2920 ascensu.
436 2869 487 2916 Ioco
497 2869 615 2931 gravitatis
626 2867 787 2915 substituenda
817 2879 909 2912 cessum
925 2864 1043 2926 gravitatis
1054 2860 1124 2922 supr&
1133 2863 1285 2907 resistentiam
1302 2862 1443 2909 uniformem

152 2944 189 2982 eat
199 2935 328 2981 ndstemia
339 2935 463 2981 uniformis
473 2950 526 2995 quae
539 2935 613 2980 oritur
624 2948 651 2978 ct
664 2933 786 2979 tcnacitate
817 2929 843 2975 in
862 2929 1070 2976 constructionibus
1085 2942 1138 2988 quat
1154 2934 1209 2999 sunt
1225 2939 1267 2984 pro
1283 2923 1394 2972 descensu
1406 2941 1443 2972 ra-

152 2998 225 3045 medii
240 2999 376 3059 ;sicot·pus
393 2999 520 3045 ascendens
539 2998 561 3044 vi
579 2997 697 3060 gravitatitt
713 2999 782 3043 etiam
815 2994 962 3054 praetentabit
974 2991 1071 3056 (ceteris
1082 2988 1252 3051 manentibus.)

152 3073 273 3125 urgeatur,
296 3063 412 3126 quantitas
428 3062 469 3109 itu.
484 3077 537 3124 qua
556 3063 628 3108 solam
647 3060 782 3123 gravitatem
