3202 5446
553 578 675 631 INDEX
694 572 1006 627 PROPOSI'I’IONUM·
1348 573 1406 634 747

201 770 304 825 l’ttoP.
320 775 407 824 XCII.
445 773 572 823 PROBL.
588 772 687 821 XLVI.

151 860 216 912 Dato
226 874 320 920 corpore
331 857 458 915 attractiva,
474 856 578 904 invenire
593 856 707 903 rationem

181 923 322 971 decrementi
332 922 415 970 virium
431 921 610 981 centn'petarum
621 920 647 967 in
657 920 709 982 ejua

722 733 761 772 ,ι
851 696 955 746 enon.
969 694 1051 743 xcv.
1072 690 1210 741 ruuon„
1221 688 1323 737 xnrx.
1373 651 1412 690 “⁰

798 801 886 852 lisdem
896 800 982 862 positia,
994 799 1047 846 dico
1062 795 1125 861 quod
1136 794 1244 842 velocius
1253 792 1355 853 corporis

828 877 883 914 anta
899 864 1048 912 incidentium
1064 860 1138 909 ettad
1149 860 1200 922 ejus
1216 857 1359 905 velocitatem

829 939 881 992 poet
896 928 1071 992 emergentium,
1086 934 1114 972 ut
1130 924 1196 970 einua
1210 920 1360 984 emergentia

180 999 267 1049 pum
276 986 369 1051 *ὠμὴ
383 984 537 1033 “nd‘nfium'
540 1017 707 1033 ················
724 987 772 1030 402
829 995 859 1042 ad
869 994 948 1042 einum
963 989 1095 1039 incidentiae
1095 1017 1358 1036 .........................
1375 987 1423 1032 414

181 1099 286 1148 PROP.
300 1098 404 1146 XCIII.
430 1096 568 1146 THEOR.
583 1095 697 1145 XLVII.

151 1185 176 1233 st
187 1185 288 1232 solidum
296 1199 325 1231 er
332 1183 382 1232 und
390 1193 453 1244 parte
460 1183 565 1245 plenum,
576 1197 605 1230 er
616 1182 711 1245 redquia

181 1260 260 1297 autem
272 1249 375 1310 pertibus
384 1248 509 1302 inlinitum,
521 1257 609 1295 mnatet
619 1261 647 1293 er
658 1261 710 1307 par·

182 1313 261 1361 ticulia
284 1313 411 1375 ulualibue
435 1311 555 1374 aqualiter
579 1310 709 1364 attracdrie,

182 1393 281 1441 quarum
300 1377 359 1423 rirea
377 1377 402 1423 in
418 1392 507 1424 recensu
521 1392 535 1422 a
547 1375 622 1422 aalide
631 1375 711 1422 decre-

182 1457 251 1489 acunr
266 1441 291 1488 in
307 1442 394 1488 radone
410 1440 529 1501 potestatis
542 1440 643 1501 cujusvis
661 1439 709 1486 die-

182 1507 308 1554 tantiarum
329 1504 453 1567 pluequim
474 1504 619 1566 quadrariae,
644 1513 668 1550 et
689 1502 711 1548 vi

182 1569 251 1618 aelidi
272 1570 343 1617 totius
365 1569 529 1629 corpusculum
550 1568 580 1615 ed
601 1567 711 1615 utramria

183 1635 246 1696 plani
257 1646 346 1695 partem
356 1635 508 1681 constitutum
524 1634 640 1679 trahunt:
659 1631 712 1678 dico

183 1698 246 1761 quod
262 1697 329 1745 aelidi
340 1698 374 1743 ria
384 1697 424 1745 illa
434 1697 559 1754 attractiva,
580 1697 605 1742 in
621 1711 711 1743 recensu

183 1766 213 1810 ab
224 1764 275 1825 ejus
285 1762 405 1822 auperlicie
420 1761 498 1822 plani,
514 1763 630 1809 decrescet
640 1760 664 1806 in
675 1775 711 1806 ra-

183 1828 247 1875 tione
262 1827 387 1888 potestatis,
404 1827 473 1889 cujus
489 1825 549 1873 latua
559 1835 594 1871 eet
604 1825 712 1872 distantia

183 1890 313 1952 corpusculi
324 1890 425 1950 aplane,
444 1900 467 1938 et
477 1890 545 1937 index
557 1890 657 1936 ternario
668 1889 711 1933 mi-

183 1970 227 2002 nor
236 1952 308 2018 quint
319 1953 388 2001 index
399 1954 518 2015 potestatis
527 1953 708 2000 distantiarum..
728 1956 775 1999 403

185 2060 289 2110 PROP.
302 2058 400 2108 xctv.
421 2059 557 2108 THEOR.
571 2056 699 2106 XLVIII.

154 2145 179 2194 Si
190 2144 267 2192 media
278 2144 326 2191 duc
336 2143 453 2201 almilarie,
469 2143 543 2204 apatio
553 2143 628 2203 plania
638 2141 712 2202 peral-

183 2209 235 2256 lelie
245 2209 354 2271 utrinque
361 2207 492 2265 terminato,
501 2207 675 2270 distinguantur
685 2207 714 2252 ab

183 2274 290 2327 ianeem,
314 2283 338 2319 ct
354 2287 438 2332 corpus
455 2272 480 2317 in
498 2273 595 2317 transitu
613 2285 654 2330 per
669 2270 714 2316 hoc

184 2338 284 2398 apetium
295 2337 422 2385 attrahatur
430 2335 466 2382 rel
474 2335 606 2395 impellatur
616 2349 713 2394 perpen-

183 2402 316 2449 diculariter
337 2415 417 2447 versut
437 2399 542 2446 medium
568 2399 712 2453 alterutrum,

184 2480 260 2529 neque
275 2465 325 2512 ulli
340 2463 387 2512 alii
402 2465 424 2511 ri
440 2463 543 2526 agitetur
553 2463 590 2509 vel
601 2461 714 2522 impedia-

183 2539 237 2588 tur;
254 2531 372 2578 citantem
383 2530 496 2586 attractio,
507 2528 532 2573 in
549 2526 676 2589 equalibus
686 2527 715 2572 ab

183 2605 283 2658 unoque
293 2595 364 2654 pleno
375 2593 488 2640 dietantiie
496 2592 526 2639 ad
537 2591 633 2639 eandem
642 2589 715 2651 ipsine

184 2671 272 2721 partem
284 2658 364 2719 captis,
375 2658 461 2720 ubique
472 2657 568 2703 eadem:
587 2655 640 2702 dico
649 2651 714 2715 quod

184 2725 249 2770 ainus
265 2722 397 2770 incidentia
414 2723 439 2767 ln
457 2722 555 2782 planum
576 2719 714 2766 alterutrum

184 2789 228 2836 erit
239 2787 356 2834 eduinum
367 2786 515 2847 emergentia
525 2799 554 2831 ex
566 2782 717 2843 plancaltero

888 1120 990 1171 PROP.
998 1119 1095 1168 xcvi.
1115 1114 1253 1166 THEOII.
1264 1113 1293 1161 1.

801 1227 889 1278 Iisdem
900 1225 986 1288 positia,
995 1235 1019 1272 et
1028 1224 1092 1287 quod
1102 1232 1181 1271 mutua
1191 1229 1245 1266 ante
1255 1215 1360 1264 inciden-

831 1293 889 1341 tiam
900 1289 999 1338 velocior
1009 1289 1039 1335 ait
1048 1291 1118 1350 quim
1130 1296 1215 1348 postea.
1233 1282 1286 1329 dico
1295 1278 1359 1342 quid

833 1371 917 1417 corpur
927 1352 1061 1401 inclinando
1071 1352 1157 1398 lineam
1169 1347 1308 1401 incidentia,
1325 1359 1362 1391 re·

834 1420 939 1468 flectetur
955 1417 1057 1473 tandem,
1077 1426 1100 1463 et
1117 1413 1218 1478 angulus
1235 1407 1364 1457 relictionis

833 1485 873 1533 flet
883 1482 977 1546 aqualia
986 1480 1075 1544 angulo
1084 1477 1229 1526 incidentia..
1234 1505 1358 1522 ............
1375 1473 1423 1519 415

844 1617 948 1666 PROP.
960 1614 1074 1665 XCVII.
1091 1610 1222 1662 PROBL.
1234 1605 1350 1655 XLVII.

803 1721 884 1771 Posito
893 1721 957 1783 quod
968 1720 1032 1767 ainus
1043 1689 1173 1766 Incidenda
1182 1714 1207 1761 in
1217 1710 1363 1772 superficiem

833 1785 935 1848 aliquam
946 1784 1015 1832 cited
1026 1783 1103 1829 einum
1115 1777 1263 1841 emergentia
1274 1776 1299 1821 in
1310 1770 1365 1820 dut

833 1851 937 1907 ratione;
955 1848 1064 1910 quemme
1083 1844 1210 1892 incurvatio
1226 1841 1269 1886 rite
1284 1853 1365 1898 corpo-

836 1929 890 1960 rum
898 1913 967 1976 juxta
977 1910 1121 1972 auperficiem
1132 1908 1195 1954 illam
1207 1905 1247 1952 tiat
1255 1903 1279 1950 in
1290 1901 1365 1962 spatio

835 1977 975 2032 brevissimo,
987 1974 1050 2038 qued
1058 1985 1086 2021 ut
1095 1983 1208 2034 punctum
1219 1966 1364 2016 considerare

834 2041 919 2103 poerit:
933 2034 1309 2097 detenninareauperficiem‚quoe
1316 2045 1366 2077 cor-

836 2105 935 2167 puscula
953 2105 1033 2151 omnia
1049 2102 1078 2149 de
1097 2102 1149 2148 loco
1168 2099 1223 2146 dato
1239 2091 1368 2143 succeeaird

835 2170 955 2281 manaffiia
974 2181 1112 2229 concerpere
1127 2164 1197 2212 iaciat
1207 2162 1237 2209 ad
1248 2161 1320 2208 alium
1331 2157 1367 2205 lo·

835 2250 890 2282 cum
935 2243 986 2280 illm
988 2254 1301 2280 ..............................

818 2363 921 2412 PROP.
934 2359 1063 2409 xcv111.
1085 2354 1213 2406 PROBL
1224 2348 1355 2399 XLVIII.

808 2457 894 2506 iisdem
904 2454 992 2516 positia,
1003 2462 1027 2500 et
1034 2451 1095 2498 circa
1104 2463 1171 2496 axem
1185 2451 1208 2494 Α
1222 2446 1243 2493 Β
1255 2441 1368 2502 descripti

837 2519 958 2581 superficie
968 2530 1108 2581 quacunque
1118 2511 1238 2559 attractiri
1252 2510 1272 2557 C
1285 2509 1318 2561 D,
1330 2522 1368 2553 re·

838 2584 916 2648 guleri
930 2582 967 2629 vel
983 2578 1111 2642 irregulari,
1131 2591 1173 2637 per
1188 2589 1258 2636 quam
1274 2585 1371 2633 corpora

838 2651 868 2697 de
879 2648 931 2695 loco
941 2646 995 2693 dato
1010 2649 1030 2692 Α
1043 2641 1152 2690 exeuntia
1160 2639 1256 2688 transire
1267 2636 1364 2684 debent:

838 2712 943 2759 invenire
961 2707 1105 2771 superficiem
1123 2702 1248 2751 secundam
1267 2701 1369 2748 attracti-
1433 2727 1436 2735 ·

840 2792 893 2823 ram
906 2776 927 2822 E
942 2775 1025 2836 Fquia
1035 2785 1129 2831 corpora
1139 2768 1180 2814 illa
1190 2767 1220 2814 ad
1232 2766 1310 2813 lucum
1325 2763 1367 2811 da·

184 2854 209 2899 in
222 2853 309 2899 ratione
319 2847 373 2897 dati
380 2879 716 2897 ................................
732 2850 780 2893 412
840 2851 892 2890 tum
906 2840 927 2887 B
939 2851 1078 2900 convergere
1089 2834 1164 2881 saciat.
1169 2859 1367 2879 ...................
1384 2830 1433 2873 429
