3202 5446
166 431 350 514 omme]
499 431 1139 500 PRINCIPIAMATHEMATICA.
1427 410 1463 503 ri

202 603 320 670 Motus
334 602 512 686 proprietas
527 613 583 681 est,
600 602 686 689 quod
700 614 814 687 partes,
829 625 902 689 quae
911 602 1000 667 datas
1012 615 1138 668 servant
1151 603 1321 688 positiones
1332 604 1374 669 ad
1384 617 1462 684 tots,

159 712 350 798 participant
363 722 469 774 motus
485 711 658 774 eonmdem
673 722 821 791 totorum.
866 711 950 776 Nom
970 712 1150 798 gyrantium
1164 725 1269 794 pertes
1286 712 1333 797 (¹¹¹)
1351 734 1461 778 omnes

158 833 315 887 conantur
329 818 478 883 recedere
493 818 533 881 ab
548 841 609 882 axe
624 830 737 896 motus,
754 832 786 883 et
799 819 1069 906 progredientium
1080 820 1215 903 impetus
1225 821 1324 884 oritur
1335 843 1376 884 ex
1387 843 1464 884 con·

154 933 265 1024 juncto
279 930 402 1015 impetu
416 929 554 1013 partium
570 928 772 1015 singularum.
819 928 919 992 Motis
933 929 1030 1015 igitur
1045 928 1229 1013 corporibus
1241 928 1461 1007 ambientibus,

156 1052 326 1105 moventur
341 1060 413 1125 quae
434 1037 467 1100 in
493 1036 702 1100 ambientibus
728 1034 856 1099 relative
880 1036 1053 1122 quiescunt.
1099 1035 1143 1100 Et
1166 1049 1333 1120 propterea
1356 1050 1461 1100 motus

156 1173 249 1215 verus
265 1162 299 1213 et
320 1146 484 1211 absolutus
506 1144 632 1209 definiri
653 1144 762 1230 nequit
782 1166 840 1228 per
862 1144 1099 1208 translationem
1115 1167 1132 1208 e
1147 1145 1259 1208 viciniis
1280 1166 1460 1229 corporum,

156 1279 228 1344 quae
243 1268 397 1342 tanquam
412 1253 605 1339 quiescentia
619 1264 809 1336 spectantur.
855 1252 985 1316 Debent
998 1251 1082 1314 enim
1094 1272 1229 1335 corpora
1243 1263 1374 1314 externa
1395 1272 1461 1314 non

155 1366 259 1431 solum
275 1377 428 1450 tanquam
443 1362 636 1449 quiescentia
651 1361 794 1446 spectari,
819 1360 875 1424 sed
897 1361 991 1424 etiam
1007 1358 1079 1424 verb
1094 1359 1263 1446 quiescere.
1310 1358 1460 1445 Alioquin

154 1473 276 1537 inclusa
289 1472 407 1548 omnia,
432 1482 549 1554 proeter
571 1468 807 1532 translationem
822 1491 840 1532 e
855 1467 967 1531 viciniis
990 1466 1205 1544 ambientium,
1228 1466 1462 1551 participabunt

155 1584 248 1648 etiarn
263 1580 472 1646 ambientium
487 1591 592 1642 motus
607 1600 718 1653 veros3
743 1588 776 1640 et
798 1575 919 1639 sublati
937 1574 988 1637 illei
1003 1575 1208 1639 translatione
1223 1597 1287 1637 non
1302 1573 1376 1638 vere
1391 1575 1460 1660 qui·

155 1701 273 1766 escent,
300 1687 357 1752 sed
379 1698 531 1771 tauquam
555 1683 746 1771 quiescentia
768 1681 966 1746 solummodo
989 1681 1222 1766 spectabuntur.
1270 1682 1352 1745 Sunt
1373 1682 1459 1745 enim

158 1795 329 1860 ambientis
342 1793 382 1857 od
396 1793 527 1871 inclusa,
544 1805 580 1855 ut
593 1792 689 1855 totius
703 1812 777 1874 pars
793 1789 930 1854 exterior
944 1787 985 1850 ad
1000 1801 1121 1872 partem
1136 1787 1329 1871 interiorem,
1353 1795 1403 1858 vel
1425 1810 1461 1860 ut

159 1914 272 1967 cortex
287 1901 328 1965 ad
341 1900 496 1965 nucleum.
543 1899 636 1968 Moto
651 1912 756 1965 autem
771 1897 897 1971 cortice,
913 1894 1044 1961 nucleus
1059 1894 1162 1972 etiam,
1179 1894 1246 1960 sine
1259 1902 1459 1967 translatione

160 2011 201 2075 de
215 2009 324 2074 sicinii
339 2009 473 2090 corticis,
490 2031 547 2076 ceu
561 2034 635 2096 pars
649 2013 744 2075 totius
760 2024 913 2075 movetur.

204 2120 397 2185 Praecedenti
411 2121 596 2206 proprietati
610 2121 711 2184 affinis
727 2134 783 2198 est,
796 2120 881 2207 quod
894 2135 980 2185 moto
991 2120 1062 2185 loco
1074 2136 1218 2186 movetur
1228 2121 1293 2186 und
1302 2122 1457 2188 locatum:

158 2228 290 2316 ideoque
304 2251 431 2313 corpus,
448 2228 534 2315 quod
549 2227 590 2292 de
605 2228 676 2291 loco
691 2243 777 2292 moto
791 2242 945 2308 movetur,
961 2230 1129 2314 participat
1143 2231 1237 2293 etiam
1251 2229 1313 2294 loci
1328 2231 1375 2294 sui
1390 2253 1458 2295 rno-

156 2349 229 2401 tum.
268 2338 312 2422 (¹¹)
331 2337 444 2402 Motus
459 2337 557 2424 igitur
572 2358 690 2413 omnes,
707 2336 760 2422 qui
776 2336 818 2401 de
833 2336 912 2400 locis
927 2337 1020 2400 motis
1036 2336 1127 2414 liunt,
1144 2350 1331 2421 suntpartes
1343 2337 1458 2401 solum·

154 2443 246 2508 modo
261 2458 409 2509 motuum
424 2444 621 2534 integrorum
636 2455 669 2507 et
682 2443 918 2506 absolutorum:
942 2456 974 2507 et
987 2456 1090 2507 motus
1105 2444 1208 2506 omnis
1228 2444 1351 2531 integer
1371 2467 1457 2507 com-

154 2554 278 2637 ponitur
294 2575 336 2617 ex
350 2565 442 2616 motu
457 2552 597 2636 corporis
612 2551 651 2616 de
667 2551 737 2616 loco
752 2575 810 2616 suo
824 2554 937 2637 primo,
954 2564 986 2616 et
1007 2565 1096 2616 motu
1120 2552 1183 2616 loci
1206 2553 1298 2638 hujus
1323 2553 1363 2618 de
1386 2553 1458 2618 loco

156 2684 217 2740 suo,
234 2663 333 2736 etsie
348 2659 517 2745 deinceps;
541 2684 639 2748 usque
654 2660 730 2724 dum
745 2662 946 2746 perveniatur
969 2663 1009 2726 ad
1033 2662 1137 2727 locum
1161 2663 1336 2742 immotum,
1364 2677 1399 2727 ut
1424 2664 1457 2726 in

157 2771 299 2856 exemplo
315 2783 424 2833 nsutae
439 2791 535 2854 supra
548 2783 733 2834 memorato
773 2770 869 2836 Unde
884 2784 988 2834 motus
1004 2772 1117 2858 integri
1133 2784 1164 2835 et
1175 2772 1309 2836 absoluti
1320 2794 1384 2834 non
1396 2772 1457 2835 nisi

157 2898 207 2961 per
219 2877 293 2942 loca
307 2877 440 2940 immota
454 2876 580 2940 deliniri
594 2891 743 2961 possunt:
772 2890 803 2942 et
818 2891 985 2963 propterea
999 2878 1057 2941 hos
1071 2878 1113 2942 ad
1128 2878 1197 2942 loca
1211 2879 1350 2957 immota,
1374 2879 1456 2942 rela-

158 2986 229 3050 tiros
245 2986 288 3050 ad
304 2987 437 3050 mobilia
452 3010 548 3072 supra
559 2988 661 3052 retuli.
707 2989 795 3052 Loca
806 3003 910 3053 autem
926 2991 1055 3054 immota
1066 3012 1129 3053 non
1140 3003 1223 3068 sunt,
1234 2992 1292 3055 nisi
1305 3012 1376 3077 quae
1388 3013 1456 3054 om·

159 3097 203 3159 nia
216 3095 257 3159 ab
273 3094 401 3158 infinito
417 3095 449 3158 in
465 3095 622 3164 inlinitum
634 3096 722 3160 datas
733 3111 857 3161 servant
868 3098 1038 3182 positiones
1050 3098 1090 3162 ad
1099 3100 1251 3176 invicem3
1274 3113 1366 3185 atque
1376 3100 1455 3165 adeo

161 3229 277 3292 semper
292 3220 422 3270 manent
437 3208 575 3284 immota,
590 3208 787 3293 spatiumque
803 3209 996 3273 constituunt
1010 3208 1096 3295 quod
1105 3209 1265 3273 immobile
1277 3209 1411 3295 appello.

197 3319 324 3395 Causae,
343 3318 456 3403 quibus
472 3330 576 3380 motus
590 3318 654 3380 veri
671 3295 703 3380 e't
717 3316 836 3380 relativi
853 3317 1088 3405 distinguuntur
1103 3319 1142 3382 ab
1158 3319 1299 3395 invicem,
1324 3333 1396 3382 sunt
1411 3320 1455 3381 vi-

158 3427 248 3490 resin
263 3449 400 3511 corpora
416 3427 576 3511 impressae
592 3426 767 3488 admotum
782 3427 1007 3513 generandum.
1054 3427 1164 3491 Motus
1180 3449 1270 3490 verus
1287 3450 1345 3490 nec
1359 3451 1455 3514 gene·

157 3548 238 3596 retur
252 3557 313 3598 nec
330 3546 480 3611 mutatur,
497 3534 558 3596 nisi
572 3556 630 3617 per
645 3534 726 3595 vires
749 3534 781 3595 in
804 3535 908 3618 ipsum
931 3557 1045 3618 corpus
1069 3548 1189 3598 motum
1212 3535 1398 3618 impressas:
1423 3550 1456 3600 nt

156 3656 253 3706 motus
268 3642 420 3706 relativus
435 3644 580 3730 generari
596 3655 626 3706 et
641 3643 754 3705 mutari
770 3655 872 3726 potest
887 3643 953 3706 sine
970 3643 1086 3705 viribus
1101 3643 1258 3727 impressis
1270 3644 1302 3705 in
1315 3642 1375 3704 hoc
1385 3665 1454 3705 cor-

155 3773 218 3836 pus.
256 3754 383 3820 Sufficit
398 3755 483 3818 enim
499 3767 534 3816 ut
549 3754 746 3838 imprimatur
761 3754 793 3815 in
809 3753 870 3816 alia
885 3753 985 3816 solum
1003 3776 1136 3837 corpora
1151 3752 1190 3816 ad
1206 3775 1276 3837 quae
1287 3752 1323 3815 fit
1333 3752 1452 3831 relatio,

155 3875 186 3924 ut
199 3862 238 3925 iis
254 3860 441 3925 cedentibus
456 3874 595 3925 mutetur
610 3861 720 3924 relatio
735 3861 789 3924 illa
803 3862 835 3923 in
851 3861 911 3946 quir
928 3860 1019 3945 hujus
1033 3860 1119 3946 quies
1131 3861 1179 3923 vel
1192 3875 1294 3923 motus
1306 3860 1452 3928 relativus

154 3970 301 4033 consistit.
329 3970 470 4033 Rursum
485 3983 588 4033 motus
600 3992 692 4033 verus
705 3993 723 4032 a
734 3970 851 4032 viribus
863 3970 894 4031 in
907 3991 1020 4053 corpus
1032 3983 1151 4032 motum
1163 3969 1319 4052 impressis
1330 3992 1453 4056 semper

154 4094 307 4156 mutatur3
331 4093 363 4143 at
377 4094 482 4143 motus
498 4080 644 4144 relutitus
660 4079 700 4143 ab
715 4078 763 4142 his
779 4080 896 4142 viribus
912 4101 976 4142 non
992 4091 1129 4142 mutatur
1144 4079 1327 4142 necessario.
1367 4083 1450 4145 Nam

152 4189 178 4252 si
192 4191 313 4254 eaedem
328 4191 412 4253 vires
427 4191 459 4252 in
478 4190 538 4253 alia
553 4191 645 4254 etiam
663 4212 806 4274 corpora,
823 4190 864 4253 ad
879 4213 950 4275 quae
965 4189 1001 4252 fit
1025 4189 1145 4266 relatio,
1168 4189 1211 4251 sic
1232 4189 1451 4273 imprimantur

152 4322 225 4372 pestes
235 4311 336 4358 cuculos
346 4309 486 4364 describunt,
504 4321 527 4358 et
543 4313 572 4358 sb
590 4311 684 4357 illorum
701 4311 785 4358 centris
817 4312 854 4366 ris,
867 4326 908 4357 seu
920 4321 1024 4369 respectu
1038 4310 1081 4356 loci
1093 4308 1197 4365 secundi,
1207 4319 1229 4355 et
1238 4325 1264 4355 er
1275 4310 1390 4358 celeritate
1399 4328 1448 4360 ms-

150 4390 191 4437 per
200 4386 323 4438 tangentes
333 4376 438 4438 effugere
448 4387 570 4432 conantur,
587 4392 689 4438 euinque
705 4377 785 4423 omnia
817 4377 848 4421 ris
860 4386 964 4434 respectu
975 4374 1042 4433 spatii
1054 4374 1151 4420 immoti.
1180 4374 1204 4419 s‘i
1216 4386 1294 4420 autern
1304 4389 1382 4422 motus
1391 4393 1449 4423 nau·

152 4440 191 4487 ills
200 4451 280 4488 centn
290 4440 337 4487 siut
349 4441 373 4486 in
385 4455 429 4486 are
440 4440 519 4486 mortis
530 4440 608 4500 posits.
621 4440 721 4503 singulm
732 4456 784 4500 pur·
817 4450 854 4493 tre,
867 4439 941 4485 motui
954 4439 1018 4484 navis
1029 4438 1089 4484 soret
1099 4436 1185 4485 directi
1201 4440 1326 4498 oppositus,
1344 4441 1450 4488 absoluta

151 4515 184 4552 tes
194 4508 223 4552 sb
234 4519 279 4552 axe
289 4503 398 4552 recedere
409 4504 524 4551 nituntur.
816 4515 895 4550 nautae
906 4504 1014 4550 velocitas
1025 4503 1120 4565 aqualis
1132 4503 1190 4549 foret
1198 4503 1335 4550 differentia
1343 4504 1447 4552 eelerita-

181 4570 217 4631 (¹)
236 4575 273 4617 19.
294 4570 319 4616 Si
331 4579 404 4616 nauta
420 4570 445 4614 in
462 4568 516 4614 navi
532 4569 680 4617 deambulare
697 4585 783 4630 suppo-
817 4581 869 4616 tum
880 4568 946 4614 naris
963 4579 1068 4628 respectu
1085 4568 1152 4627 spatii
1169 4567 1260 4614 immoti
1277 4579 1301 4614 et
1317 4578 1393 4614 nsutoe
1411 4585 1448 4615 re·

151 4645 226 4690 netur,
238 4645 363 4696 motusque
375 4634 440 4679 navis
451 4644 474 4679 et
492 4643 569 4680 naute
584 4635 723 4695 conspirent,
746 4636 783 4679 in·
816 4644 896 4694 spectu
908 4633 979 4679 navis.
1016 4632 1122 4679 Tandem
1134 4632 1153 4677 si
1164 4642 1243 4679 motus
1254 4642 1331 4679 naum
1342 4645 1448 4691 respectu

182 4714 216 4743 »ra
227 4710 251 4744 et
262 4699 369 4745 absoluta
379 4709 458 4744 nautae
470 4698 575 4744 celeritas
590 4699 738 4759 componitur
754 4714 783 4744 ex
816 4698 881 4744 navis
892 4697 951 4744 soret
962 4697 1076 4759 obliquus,
1089 4696 1152 4742 illius
1163 4696 1258 4743 directio
1269 4709 1292 4742 et
1304 4697 1411 4742 velocitas
1422 4698 1447 4744 io

153 4711 267 4809 'ra—nisum
278 4774 357 4809 nauta
368 4773 473 4822 respectu
492 4762 536 4808 loci
553 4762 589 4809 sul
606 4763 674 4822 primi
685 4764 709 4809 in
721 4763 781 4817 navi.
817 4762 876 4809 duos
886 4762 943 4809 alias
955 4761 1093 4808 directiones
1104 4771 1127 4807 et
1133 4762 1265 4808 velocitates
1275 4761 1307 4806 ita
1316 4759 1397 4807 resolvi
1405 4763 1447 4810 do·

150 4843 180 4874 es
189 4827 306 4876 celeritate
316 4827 363 4875 loci
374 4827 446 4886 illius,
458 4827 483 4875 id
493 4837 536 4885 est,
548 4827 613 4875 unsis
621 4839 725 4889 respectu
734 4844 783 4876 ma·
817 4830 880 4887 beut,
893 4839 920 4875 ut
931 4842 979 4874 uns
989 4826 1086 4873 directio
1096 4842 1150 4874 cum
1162 4825 1259 4873 aliorum
1267 4836 1447 4873 motuumcotu·
