3202 5446
102 471 215 539 Lissa
233 472 394 553 narnus]
441 473 681 540 rainerius
707 425 1074 539 nnrnsnnrtcn.
1320 482 1382 540 sss

144 649 294 731 qradrata
309 649 517 711 distantiarum
536 670 557 711 a
571 652 728 720 trahente,⁸
751 660 780 712 et
794 671 896 731 corpus
909 651 995 712 atiud
1009 650 1038 714 B
1052 649 1147 711 trahit
1167 651 1255 712 atium
1277 659 1383 714 catera

145 759 186 829 A,
205 755 242 832 C,
259 755 303 832 D,
320 757 376 819 &a
400 756 510 819 viribus
524 778 589 840 quea
602 767 670 819 sant
682 756 827 838 reciproci
841 768 873 820 ut
892 759 1040 840 quadrata
1055 758 1263 821 distantiamm
1277 781 1298 821 a
1319 769 1384 821 tra·

142 864 248 926 trente:
272 872 358 925 aaut
381 863 522 926 absolutes
544 885 693 946 corporum
713 866 890 927 trahentium
912 864 953 941 A,
979 864 1007 928 Β
1032 867 1108 927 vires
1132 867 1327 944 adinvicem,
1350 876 1383 928 ut

141 980 209 1034 suut
223 971 290 1053 ipsa
304 991 428 1055 corporo
448 972 489 1047 A,
509 971 547 1047 B,
563 992 680 1054 quorum
695 982 761 1035 sunt
775 974 860 1036 vires.

143 1166 228 1231 Nam
242 1164 439 1230 attractiones
459 1164 687 1229 acceleratrices
709 1188 882 1253 corporum¹
899 1167 1040 1230 omnium
1056 1166 1095 1244 B,
1113 1167 1151 1243 C,
1168 1167 1201 1232 D
1217 1190 1323 1233 versus
1340 1171 1382 1246 A,

96 1275 225 1361 paribus
239 1274 403 1351 distantiis,
420 1273 480 1336 sibi
494 1273 626 1336 invicem
641 1285 803 1358 aquantur
817 1296 858 1337 ex
872 1273 1056 1359 hypothesi3
1079 1287 1111 1338 et
1121 1263 1261 1339 similiter
1272 1290 1385 1340 attrac-

96 1386 199 1451 tiones
213 1383 443 1448 acceleratrices
459 1404 625 1466 corporum
640 1383 779 1445 omnium
800 1404 907 1446 versus
930 1382 967 1459 B,
990 1383 1117 1467 paribus
1141 1383 1301 1461 distantiis,
1326 1385 1386 1448 sibi

96 1495 234 1560 invicem
247 1505 420 1580 aequantur.
466 1492 524 1556 Est
538 1505 642 1555 autem
657 1492 798 1556 absoluta
811 1493 857 1555 vis
879 1494 1039 1557 attractiva
1062 1495 1199 1578 corporis
1215 1496 1245 1558 A
1261 1495 1301 1559 ad
1323 1495 1385 1557 vim

97 1603 271 1668 absolutam
286 1601 477 1666 attractivam
493 1602 632 1684 corporis
650 1600 687 1677 B,
712 1598 751 1684 (¹¹)
775 1615 810 1664 ut
831 1583 972 1665 attractio
994 1601 1194 1665 acceleratrix
1216 1624 1384 1686 corrmrnm

97 1709 240 1774 omnium
256 1730 363 1771 versus
379 1709 408 1771 A
424 1707 465 1770 ad
480 1708 694 1771 attractionem
709 1707 954 1771 acceleratricem
970 1730 1136 1792 corporum
1158 1709 1296 1772 omnium
1316 1731 1385 1773 ver-

98 1840 152 1882 sus
168 1819 207 1894 B,
223 1817 352 1902 paribus
366 1815 536 1891 distantiis3
560 1813 592 1900 (¹)
609 1828 641 1878 et
664 1815 707 1878 ita
729 1828 777 1879 est
801 1815 943 1879 attractio
968 1815 1169 1879 acceleratrix
1194 1815 1333 1900 corporis
1357 1816 1385 1880 Β

97 1948 206 1990 versus
221 1927 263 2003 A,
280 1924 321 1988 ad
337 1923 553 1988 attractionem
576 1922 821 1986 acceleratricem
843 1923 985 2007 corporis
1001 1923 1032 1987 A
1047 1945 1152 2002 versus
1171 1924 1208 1988 Β.
1255 1924 1318 1988 Sed
1339 1939 1385 1988 at-

97 2032 211 2097 tractio
225 2030 426 2096 acceleratrix
448 2030 586 2114 corporis
603 2030 631 2094 B
646 2051 753 2093 versus
769 2033 799 2094 A
815 2044 861 2094 est
886 2029 926 2093 ad
950 2031 1165 2094 attractionem
1191 2032 1384 2096 acceleratri-

99 2165 170 2208 cem
186 2142 325 2227 corporis
342 2142 373 2206 A
389 2163 495 2204 versus
512 2140 549 2216 B,
573 2154 608 2203 ut
628 2162 731 2203 massa
753 2140 891 2224 corporis
913 2140 943 2202 A
964 2139 1004 2203 ad
1025 2162 1157 2204 massam
1181 2142 1320 2225 corporis
1337 2141 1385 2216 B;

96 2265 267 2339 propterea
281 2250 366 2338 quod
381 2250 461 2314 vires
482 2250 637 2326 motrices,
661 2270 732 2335 quae
759 2253 828 2333 (per
849 2248 1065 2315 definitionem
1089 2244 1267 2328 secundam,
1293 2253 1386 2336 septi·

95 2382 182 2424 mam
197 2373 230 2424 et
244 2358 399 2437 octavam)
422 2370 495 2420 sunt
508 2369 544 2420 ut
558 2357 638 2420 vires
654 2355 882 2420 acceleratrices
897 2368 929 2419 et
943 2378 1076 2440 corpora
1088 2370 1219 2422 attracta
1240 2360 1386 2443 conjunc-

97 2470 165 2547 tim,
182 2467 233 2532 hic
249 2481 322 2532 sunt
347 2472 416 2551 (per
429 2478 532 2529 motus
547 2464 647 2552 legem
663 2464 798 2544 tertiam)
823 2461 860 2548 (¹¹)
876 2464 934 2529 sibi
955 2465 1085 2528 invicem
1107 2465 1253 2550 aequales.
1299 2465 1387 2555 Ergo

95 2579 241 2643 absoluta
254 2578 301 2642 vis
316 2576 477 2641 attractiva
491 2575 629 2659 corporis
644 2575 675 2637 A
692 2587 738 2638 est
751 2573 792 2636 ad
814 2573 987 2637 absolutam
1013 2574 1075 2637 vim
1100 2576 1292 2640 attractiram
1318 2599 1385 2640 cor·

95 2689 181 2772 poris
197 2689 238 2766 B,
255 2701 290 2752 ut
303 2710 405 2752 massa
420 2685 559 2770 corporis
575 2685 606 2747 A
621 2682 661 2747 ad
676 2693 810 2747 massam
825 2683 963 2766 corporis
979 2683 1016 2747 B.
1062 2682 1104 2759 Q.
1121 2706 1146 2746 e.
1163 2683 1196 2749 d.

140 2799 240 2863 Corot.
259 2807 287 2862 1.
312 2797 401 2862 Hinc
416 2797 443 2860 si
458 2793 580 2883 singula
599 2793 772 2879 systematis
795 2814 926 2877 corpora
942 2793 983 2869 A,
1002 2792 1040 2870 B,
1059 2793 1096 2870 C,
1113 2793 1157 2870 D,
1174 2795 1232 2860 &a
1257 2796 1385 2859 seorsim

94 2919 234 2992 spectata
247 2905 373 2972 trahant
388 2918 501 2970 coetera
516 2903 620 2967 omnia
635 2903 752 2966 viribus
767 2902 1040 2979 acceleratricibus,
1057 2925 1128 2988 quae
1142 2918 1214 2968 sunt
1228 2906 1386 2989 reciproce

95 3031 130 3081 ut
144 3016 296 3104 quadrata
312 3015 528 3079 distantiarum
544 3036 562 3075 a
577 3010 737 3089 trabente3
760 3023 852 3074 erunt
866 3032 1030 3094 corporum
1048 3011 1171 3081 illorum
1186 3014 1325 3076 omnium
1341 3015 1386 3077 vi·

92 3150 144 3192 ras
158 3127 311 3192 absolutoe
328 3126 367 3189 ad
383 3125 514 3187 invicem
530 3136 565 3186 ut
579 3137 652 3185 sunt
666 3123 734 3205 ipsa
748 3143 889 3206 corpora.

137 3235 236 3300 Carni.
253 3241 282 3297 Β.
302 3233 422 3297 Eodem
438 3243 631 3318 argumento,
655 3230 679 3291 si
696 3228 817 3315 singula
832 3229 1006 3315 systematis
1021 3251 1153 3314 corpora
1164 3232 1208 3308 A,
1227 3232 1265 3309 B,
1284 3232 1321 3308 C,
1338 3233 1383 3309 D,

93 3347 150 3409 &o
173 3343 306 3407 seorsim
320 3353 458 3425 spectata
472 3338 597 3403 trabant
612 3351 724 3401 caetera
747 3339 851 3400 omnia
875 3339 991 3402 viribus
1015 3340 1290 3420 acceleratricibus,
1314 3365 1384 3427 quae

94 3464 169 3515 sunt
182 3449 233 3514 vel
249 3448 418 3534 reciproci,
435 3447 484 3510 vel
499 3444 616 3509 directe
631 3446 664 3507 in
679 3445 797 3509 ratione
813 3446 971 3533 dignitatis
994 3448 1202 3534 cujuscunque
1224 3448 1383 3514 distantia·

92 3580 163 3622 rum
180 3581 200 3622 a
214 3555 367 3632 trahente,
383 3577 491 3640 quaeve
507 3552 677 3620 secundum
693 3553 794 3640 legem
809 3576 1026 3640 quamcunque
1041 3577 1237 3618 communem
1257 3579 1297 3619 ex
1319 3556 1383 3618 dis-

92 3664 199 3729 tantiis
215 3663 255 3727 ab
271 3685 460 3748 unoquoque
474 3661 617 3726 trahente
638 3659 849 3737 definiuntur3
872 3673 991 3724 constat
1013 3661 1097 3747 quod
1123 3684 1290 3747 corporum
1312 3662 1381 3725 illo·

91 3796 162 3838 rum
176 3773 257 3836 vires
280 3771 313 3855 (¹)
337 3770 488 3834 absolutae
503 3783 574 3832 sunt
588 3781 624 3832 ut
637 3790 778 3853 corpora.

136 3880 235 3946 carot.
253 3889 283 3944 3.
307 3878 346 3942 In
362 3889 526 3963 systemate
541 3898 707 3961 corporum
733 3898 867 3962 <prorum
893 3876 973 3940 vires
1001 3876 1183 3942 decrescunt
1206 3879 1237 3941 in
1262 3879 1381 3942 ratione

123 4098 160 4162 (¹)
179 4101 192 4127 ·
216 4098 363 4146 Utattrnctio
379 4097 523 4145 accelerotn'a
539 4111 658 4156 corpontm
673 4111 722 4141 orn·
786 4093 822 4158 (¹)
841 4097 854 4124 ⁸
872 4098 1137 4160 Aibiiaaioemwudas.
1174 4098 1267 4145 sienim
1276 4102 1380 4148 attractio

89 4165 167 4218 uiuat,
179 4171 259 4208 seuut
269 4160 375 4208 attractio
385 4160 530 4208 acceleratur
540 4157 723 4221 uniuscujusque
753 4159 899 4206 acceleratrix
918 4162 1018 4222 oorporis
1038 4162 1059 4209 Β
1079 4178 1157 4211 rmus
1176 4163 1199 4208 A
1216 4163 1306 4210 dicatur
1318 4166 1340 4211 V
1357 4176 1381 4214 at

90 4226 194 4287 emptis
203 4240 283 4272 raram
295 4227 327 4279 A,
339 4226 381 4272 &a
415 4225 484 4272 Patet
495 4223 557 4270 euim
568 4221 631 4284 quod
650 4222 670 4267 si
688 4220 723 4268 vis
753 4224 859 4270 attractio
875 4224 1021 4272 accelmtrix
1039 4226 1141 4287 corporis
1155 4228 1176 4273 A
1193 4242 1271 4273 versus
1284 4229 1306 4276 Β
1317 4230 1379 4278 dica.

90 4290 198 4339 &aalma
218 4289 292 4350 dupla
312 4289 348 4336 vel
371 4289 447 4350 tripla,
466 4289 508 4334 Ac.
529 4288 565 4339 sit,
587 4286 647 4333 actio
664 4300 723 4347 quo·
754 4297 834 4344 turv;
853 4287 1018 4336 vismotrixin
1031 4290 1060 4343 B,
1073 4291 1116 4337 erit
1129 4292 1150 4337 B
1163 4297 1188 4346 χ
1204 4291 1243 4348 V;
1260 4292 1285 4338 in
1293 4296 1319 4340 ‘A
1336 4295 1379 4342 erit

90 4353 294 4418 moeoeknuix
306 4353 332 4400 in
343 4352 517 4401 distantiidati
527 4349 725 4412 duplaveltripla
757 4351 780 4396 A
793 4358 818 4407 χ
833 4367 862 4409 r;
880 4361 903 4399 et
918 4356 969 4415 (per
979 4354 1023 4415 leg.
1036 4353 1103 4415 3¹¹³.)
1123 4356 1144 4401 Β
1158 4362 1182 4410 χ
1198 4356 1265 4401 v=
1280 4359 1301 4404 A
1314 4366 1340 4416 χ
1355 4376 1376 4406 v,

89 4419 141 4467 εἰς,
754 4415 950 4463 Undavzv=
964 4418 1005 4463 A:
1022 4419 1050 4464 B.
1088 4417 1324 4481 Ergoattotuma

124 4483 155 4550 (¹)
174 4487 187 4513 ·
207 4485 327 4531 Eritneat
343 4484 447 4531 attractio
463 4481 606 4528 moetantrir
624 4481 721 4541 carpmb
785 4479 815 4544 (¹)
835 4484 847 4511 0
871 4483 1049 4529 uastitatem
1064 4493 1118 4531 snat
1136 4494 1163 4531 ut
1182 4501 1282 4546 consoro-
1318 4487 1379 4536 Om.
1456 4497 1458 4500 ·

91 4550 117 4597 B
125 4564 202 4596 serant
214 4552 244 4603 A,
262 4551 294 4595 ad
304 4550 463 4595 attractionem
480 4546 655 4592 asceteratrtem
668 4540 721 4592 'aaa
752 4543 792 4590 nia
801 4544 864 4591 enim
874 4544 993 4592 ratiocinia
1003 4546 1084 4594 cadem
1095 4557 1191 4594 manant
1208 4547 1231 4594 in
1249 4551 1319 4615 hujus
1332 4553 1377 4599 Co-

87 4616 150 4675 pon‘a
163 4616 184 4658 A
193 4628 270 4660 veram
281 4615 313 4668 B,
326 4614 357 4660 ob
368 4609 500 4658 distantiam
512 4608 573 4655 inter
585 4608 606 4655 Β
618 4617 642 4654 et
654 4608 685 4666 A,
697 4617 721 4655 at
752 4608 838 4655 rollarii
849 4609 969 4669 hypothesi
980 4624 1007 4655 ac
1018 4610 1043 4656 in
1054 4610 1248 4660 demonstratione
1264 4628 1287 4663 at
1303 4617 1374 4679 hypo·

93 4683 117 4722 A
128 4689 151 4723 at
165 4676 186 4724 Β
198 4674 306 4722 eaodem.
753 4672 810 4719 thasi
825 4672 997 4733 Psopositionis.

723 4747 819 4805 za'
