3188 5444
160 457 221 516 aaa
470 447 809 515 runosorrum
831 425 1103 517 uaruaaurs
1170 446 1460 530 [umnam.-

157 624 303 704 LXXI.)
350 621 393 687 Et
407 622 625 707 componendo
640 623 695 687 fiet
709 643 831 685 summa
843 622 1073 699 attractionum,
1084 620 1145 685 hoc
1154 632 1202 685 est
1215 620 1360 686 attractio
1374 642 1447 687 cor·

155 732 277 818 pusculi
292 732 324 793 in
340 731 494 815 sphaeram
511 743 618 809 totam,
636 731 669 793 in
684 729 793 794 eidem
808 731 937 794 ratione.
983 730 1026 807 Q.
1041 753 1069 794 e.
1085 729 1116 793 d.

202 841 298 903 tarot.
319 847 346 901 l.
371 837 460 901 Hinc
475 837 507 898 in
522 837 693 921 aequalibus
708 836 862 900 distantiis
877 859 897 899 a
911 836 1025 899 centris
1035 835 1300 923 homogenearum
1310 835 1449 920 sphaera·

155 966 226 1007 rum
242 945 440 1008 attractiones
455 957 528 1008 sunt
542 958 577 1007 ut
591 944 734 1028 sphaeroe.
780 944 864 1007 Nam
879 948 949 1028 (per
965 947 1061 1029 Prop.
1074 943 1237 1024 LXXII.)
1253 944 1279 1007 si
1294 944 1450 1011 distantiae

157 1063 231 1113 sunt
245 1049 494 1135 proportionales
509 1049 667 1113 diametris
683 1049 886 1133 sphaerarum,
910 1050 991 1113 vires
1014 1061 1106 1113 erunt
1128 1063 1164 1112 ut
1185 1049 1342 1115 diametri.
1385 1051 1451 1117 Mi·

158 1172 273 1222 nuatur
287 1159 433 1223 distantia
448 1159 548 1243 major
562 1158 594 1220 in
610 1158 661 1221 illt
677 1158 813 1234 ratione3
837 1169 877 1234 et,
894 1157 1047 1221 distantiis
1064 1158 1131 1241 jam
1152 1157 1241 1221 factis
1264 1157 1449 1243 aequalibus,

156 1266 320 1352 augebitur
335 1265 478 1328 attractio
493 1265 525 1327 in
541 1264 698 1348 duplicatis
714 1264 767 1327 ills
782 1265 919 1341 ratione3
942 1264 1075 1350 ideoque
1090 1265 1149 1328 erit
1170 1263 1211 1327 ad
1232 1264 1451 1329 attractionem

156 1371 285 1435 alteram
301 1372 333 1433 in
350 1371 502 1454 triplicatis
518 1370 569 1434 illt
585 1371 714 1447 ratione,
731 1370 791 1434 hoc
806 1383 863 1448 est,
880 1372 912 1433 in
927 1371 1047 1435 ratione
1062 1369 1267 1455 sphoerarum.

202 1479 300 1541 Corol.
317 1486 346 1540 2.
371 1478 410 1542 In
425 1478 578 1541 distantiis
594 1477 751 1562 quibusvis
766 1477 964 1541 attractiones
980 1490 1052 1541 sunt
1071 1489 1107 1541 ut
1128 1476 1262 1561 sphterae
1286 1468 1450 1563 applicatae

156 1585 193 1669 (⁸)
211 1582 250 1647 ad
266 1583 418 1668 quadrata
432 1583 658 1648 distantiarum.

200 1694 298 1756 Corol.
316 1703 346 1759 3.
372 1694 405 1758 si
422 1693 650 1778 corpusculum,
667 1706 756 1758 extra
770 1694 924 1779 sphaeram
939 1693 1167 1781 homogeneam
1181 1692 1331 1777 positum,
1354 1691 1449 1757 trahi-

154 1814 206 1864 tur
221 1801 251 1863 vi
266 1801 424 1885 reciproce
447 1801 673 1885 proportionali
696 1801 848 1886 quadrato
871 1800 1026 1865 distantiae
1050 1822 1115 1864 suae
1142 1800 1182 1863 ab
1206 1786 1304 1884 ipsius
1330 1814 1446 1878 centro,

154 1922 275 1974 constet
290 1925 394 1974 autem
409 1909 531 1994 sphaera
546 1932 586 1973 ex
602 1910 759 1993 particulis
774 1909 962 1985 attractivis3
986 1908 1027 1993 (l)
1043 1908 1202 1973 decrescet
1216 1909 1263 1973 vis
1286 1907 1445 1993 particub

154 2020 301 2105 cujusque
316 2019 349 2081 in
364 2017 519 2102 duplicati
536 2019 654 2083 ratione
669 2017 824 2081 distantiae
839 2041 858 2081 a
871 2015 1033 2101 particula.

330 2269 616 2336 PROPOSITIO
639 2270 784 2335 LXXV.
830 2269 1101 2336 THEOREMA
1126 2269 1277 2335 XXXV.

153 2442 189 2506 Si
201 2445 245 2505 ad
256 2443 382 2524 sphaerae
395 2445 477 2507 dates
487 2455 600 2527 puncta
614 2441 731 2527 singula
746 2445 870 2506 tendant
891 2445 966 2506 vires
988 2444 1113 2525 camales
1134 2445 1315 2526 cmtrspetae,
1339 2444 1438 2508 dean·

197 2559 292 2613 centes
315 2552 348 2612 in
373 2551 526 2632 duplicati
551 2555 669 2615 ratione
694 2552 902 2613 distantiarum
928 2571 949 2612 o
968 2550 1111 2632 punctis,·
1139 2551 1206 2613 dico
1228 2552 1309 2634 quod
1328 2552 1436 2635 sptem

196 2660 305 2740 qtaaeois
319 2661 384 2721 alia
399 2659 541 2722 similaris
554 2660 593 2722 ab
607 2658 706 2722 aridem
722 2659 887 2721 attrahitur
901 2659 932 2720 vi
945 2653 1092 2738 rectProce'
1106 2659 1334 2740 proportionali
1352 2658 1433 2743 Μ·
1489 2652 1493 2659 ’

195 2777 263 2831 rato
277 2770 431 2834 distantiae
443 2780 615 2834 centrortsm.

198 2939 283 3005 Nam
299 2942 462 3026 particulae
478 2942 612 3029 cujusvis
628 2941 770 3006 attractio
785 2954 832 3005 est
846 2939 1005 3024 reciproce
1027 2952 1060 3002 ut
1085 2938 1273 3026 quadratum
1297 2937 1429 3005 distantic

152 3072 219 3113 suae
236 3074 255 3113 a
270 3064 380 3114 centro
397 3050 528 3135 spltaeroe
544 3049 705 3126 trahentis,
723 3055 792 3134 (per
809 3049 904 3132 Prop.
921 3047 1098 3126 LXXIV.)
1114 3061 1146 3111 et
1160 3060 1327 3132 propterea
1340 3045 1427 3112 eadm

107 3227 112 3235 ,
152 3173 210 3237 est,
232 3182 268 3222 ac
283 3161 307 3222 si
323 3161 369 3223 ris
386 3175 451 3224 tota
465 3160 623 3224 attrahens
638 3171 778 3222 manaret
792 3158 832 3222 dc
848 3157 1032 3242 corpusculo
1047 3158 1140 3219 unico
1156 3159 1217 3221 sito
1231 3158 1264 3221 in
1276 3154 1427 3223 centroltu·

146 3270 200 3353 jus
217 3267 359 3352 spltaerae.
409 3269 493 3332 Haec
508 3283 612 3332 autem
627 3268 769 3331 attractio
784 3280 870 3330 tanta
885 3280 940 3344 est,
965 3280 1079 3351 quanta
1094 3267 1175 3330 foret
1189 3268 1324 3332 vicissim
1337 3280 1427 3332 auso

152 3377 197 3440 tio
214 3377 392 3460 corpusculi
408 3378 555 3462 ejusdem,
573 3378 597 3441 si
614 3378 709 3440 modo
724 3377 802 3439 illud
817 3400 836 3439 a
850 3376 979 3463 singulis
994 3376 1126 3461 sphaerae
1141 3391 1281 3443 attractae
1291 3373 1428 3463 particuli

154 3485 264 3550 eisdem
281 3487 311 3548 vi
326 3486 512 3564 traheretur,
530 3487 589 3573 quia
605 3488 687 3571 ipsas
703 3486 838 3550 attrahit.
885 3487 980 3550 Foret
1001 3501 1104 3550 autem
1128 3487 1182 3552 illa
1206 3487 1376 3574 corpusculi
1393 3494 1431 3549 at·

150 3599 261 3661 tractio
278 3604 347 3682 (per
365 3600 457 3683 Prop.
479 3600 654 3683 LXXIV.)
678 3600 837 3686 reciproce
855 3602 1273 3687 proportionalisquadrato
1295 3599 1438 3669 duasne

150 3728 216 3770 suae
231 3732 250 3771 a
267 3725 375 3774 contro
391 3710 545 3794 sphaeroe¹3
568 3711 701 3797 ideoque
716 3711 788 3774 huic
804 3710 931 3797 aequalis
941 3712 1083 3775 attractio
1094 3710 1229 3796 sphaerae
1238 3727 1286 3777 est
1296 3714 1327 3776 in
1337 3710 1447 3777 attan

149 3818 277 3882 ratione.
323 3819 359 3904 (⁶)
377 3819 418 3895 Q.
435 3844 462 3883 e.
478 3820 509 3883 d.

148 4092 166 4105 η
186 4029 222 4094 (“)
241 4035 254 4061 ·
273 4035 440 4109 Adlqsadrata
451 4038 621 4085 distantivum.
641 4037 790 4100 Namoequs·
821 4037 938 4098 duplicas
954 4038 1115 4086 distantiarum
1130 4055 1145 4086 a
1163 4040 1284 4100 particulis
1300 4028 1466 4089 deum

148 4096 215 4142 ,rbus
225 4095 352 4156 distanurs,
363 4100 512 4147 attractiones
523 4111 579 4148 sunt
589 4112 616 4148 ut
632 4103 727 4162 sphaerrc
739 4106 791 4164 (per
822 4102 986 4163 corpusculum
998 4115 1062 4150 astra
1072 4105 1185 4163 spharam
1196 4106 1348 4153 constitutum
1362 4079 1468 4165 „pt

151 4158 209 4207 cor.
226 4162 264 4222 Ι.)
283 4172 307 4209 ct
318 4162 447 4224 equalibus
457 4165 559 4224 spheris,
576 4165 722 4213 attractiones
732 4176 788 4213 sunt
821 4167 857 4213 sel
870 4167 953 4213 minori
965 4167 987 4212 vi
998 4169 1127 4214 trahamur
1137 4183 1209 4230 quam
1220 4168 1335 4230 udmari
1351 4158 1470 4231 Μ

149 4234 177 4268 ut
189 4224 304 4284 quadrata
315 4226 479 4275 distantiarum
490 4246 504 4276 a
514 4230 599 4276 centris
609 4229 723 4290 reciproce
735 4234 745 4294 (
762 4246 788 4277 cr
821 4230 902 4277 tionali
915 4230 1027 4293 quadrato
1037 4231 1154 4278 distantia
1164 4248 1179 4279 a
1190 4244 1270 4281 centro
1280 4234 1380 4294 naara.

150 4285 227 4346 Prop.
242 4289 295 4350 7⁴.)
331 4290 411 4346 Quarti
427 4292 569 4341 variantibus
587 4294 683 4354 spheris
699 4304 722 4341 et
740 4248 786 4341 dia.
851 4295 885 4358 (θ)
903 4300 916 4325 ·
937 4298 964 4348 Q.
977 4312 996 4342 e.
1009 4299 1031 4343 d.
1069 4295 1243 4344 Demonstratio
1261 4297 1346 4345 nasu
1360 4270 1472 4349 ω

148 4350 231 4396 tentiis
252 4353 330 4410 simul,
354 4358 502 4404 attractiones
523 4367 578 4405 sunt
594 4368 623 4405 ut
643 4359 739 4419 spheris
757 4358 786 4406 ad
818 4359 882 4420 gitur
897 4358 1000 4419 appositi
1018 4358 1101 4421 fipurd.
1143 4360 1239 4421 Splroeta
1251 4363 1273 4409 Α
1286 4363 1398 4422 spbm
1448 4352 1470 4387 ⁹

149 4413 265 4476 quadrata
276 4416 441 4467 distantiarum
452 4421 581 4482 applicatas.
819 4423 925 4469 milarem
950 4423 971 4470 B
993 4425 1099 4478 attrahat,
1121 4434 1146 4471 ct
1170 4425 1205 4472 ris
1228 4425 1372 4473 acceleratsis
1406 4398 1470 4473 4³

182 4475 217 4539 (⁵)
240 4482 252 4507 ⁶
272 4482 392 4532 Dect-ascet
415 4487 447 4533 sis
461 4489 584 4547 particula
604 4487 721 4550 cujusque,
743 4487 786 4534 dc.
820 4488 916 4548 ephata
937 4487 959 4533 B
978 4487 1092 4548 particula
1109 4489 1198 4551 quassis
1218 4489 1283 4537 Pin
1301 4494 1428 4537 centurn
1451 4464 1469 4513 c

151 4541 216 4616 Nam
230 4557 287 4589 cum
298 4545 462 4596 sisattractrr'r
479 4549 584 4597 absoluta
599 4551 722 4612 quantitati
738 4565 788 4597 ma·
820 4553 915 4610 spharoe
928 4553 950 4599 Α
963 4563 1061 4614 urgetur
1078 4563 1113 4599 est
1130 4552 1246 4614 roeimocs
1263 4564 1291 4602 ut
1308 4542 1462 4617 quw

148 4616 215 4652 terte
227 4610 411 4684 proportionalis
421 4624 574 4674 supponatur,
591 4615 655 4660 siris
665 4613 788 4675 particula·
820 4616 934 4662 distantiis
955 4615 976 4662 P
989 4619 1009 4663 C
1027 4631 1041 4661 a
1059 4626 1140 4664 ccutm
1156 4619 1253 4678 sphaere
1271 4617 1376 4665 trahentis
1395 4607 1460 4669 (W

151 4685 204 4716 rom
216 4672 316 4732 sphera
327 4689 352 4720 m
363 4677 445 4739 majori
460 4678 496 4726 vel
513 4677 597 4726 minori
613 4680 702 4727 ratione
717 4695 787 4744 quam
823 4679 892 4740 I’rop.
907 4681 960 4741 tt.)
978 4689 1001 4727 ct
1017 4681 1137 4741 proptereat
1152 4681 1233 4730 eadem
1246 4692 1281 4730 cst
1291 4698 1318 4731 ac
1327 4682 1345 4730 si
1355 4681 1387 4728 sis
1406 4675 1453 4717 Μ’
