3188 5444
161 496 221 554 ⁷16
470 469 811 544 PHILOSOPHIAE
834 462 1110 533 NATURALIS
1172 459 1288 541 [Mor.
1305 458 1444 524 Come

192 662 291 728 Corol.
307 667 338 722 2.
375 654 471 723 Unde
492 673 565 718 cum
585 646 720 714 altitudo
741 643 795 707 illa
810 643 841 707 A
855 641 896 706 sit
910 651 947 705 ut
959 637 1050 703 fluidi
1065 636 1112 700 vis
1129 634 1264 700 elastica
1285 632 1402 697 directe
1418 647 1445 696 et

147 770 283 835 densitas
298 765 437 851 ejusdem
453 757 591 835 iuversd3
615 757 656 842 (²)
671 753 819 819 velocitas
833 749 983 834 pulsuum
1004 747 1065 812 erit
1079 746 1113 807 in
1128 744 1258 808 ratione
1281 741 1444 825 compositi

148 901 189 943 ex
204 869 419 959 subduplicati
434 869 554 933 ratione
569 861 730 930 densitatis
751 856 874 923 inversi
888 869 921 921 et
935 851 1155 938 subduplicatti
1172 851 1302 914 ratione
1316 850 1361 912 vis
1374 848 1446 912 elaa-

148 988 219 1050 ticae
238 981 365 1048 directi.
385 965 394 983 ⁰

413 1226 698 1296 PROPOSITIO
721 1225 760 1290 L.
807 1220 1068 1289 PROBLEMA
1091 1219 1179 1284 XII.

552 1403 695 1466 Invenire
703 1403 843 1482 polsmtm
858 1399 1030 1462 distantiat.

197 1579 357 1664 Corporis,
381 1576 468 1662 cujus
488 1587 624 1638 tremore
647 1571 757 1659 pulsus
779 1571 963 1647 excitantur,
986 1566 1168 1632 inveniatur
1184 1589 1343 1633 numerus
1356 1563 1442 1627 tibra-

153 1691 273 1754 tionum
288 1689 362 1752 dato
377 1701 527 1771 tempore.
573 1686 635 1750 Per
650 1708 815 1750 numerum
837 1684 923 1750 illurn
946 1682 1105 1748 dividatur
1127 1683 1275 1768 spatium
1291 1679 1374 1768 quod
1387 1677 1445 1764 pul·

154 1820 206 1861 sus
222 1796 333 1860 eodem
349 1808 490 1878 tempore
504 1815 687 1879 percurrere
702 1793 808 1877 possit,
834 1805 865 1857 et
878 1814 951 1877 pars
962 1792 1088 1855 inventa
1105 1791 1145 1876 (⁰)
1161 1791 1229 1854 erit
1243 1789 1354 1876 pulsus
1368 1785 1446 1851 unius

154 1903 296 1968 latitudo.
343 1901 384 1978 Q.
401 1924 429 1965 e.
445 1902 465 1964 i.

722 2155 878 2218 Scholium.

204 2329 352 2413 Spectant
366 2326 599 2411 Propositiones
613 2325 790 2389 novissimas
799 2325 840 2388 ad
855 2337 974 2390 motum
988 2325 1066 2389 lucis
1081 2341 1116 2389 et
1130 2348 1304 2390 sonorum.
1338 2326 1378 2409 (l)
1388 2325 1446 2390 Lux

159 2438 242 2500 enim
257 2435 329 2500 ciun
344 2448 536 2523 propagetur
551 2434 723 2499 secundum
737 2435 835 2501 lineas
849 2447 959 2513 rectas,
982 2436 1015 2498 in
1030 2435 1155 2500 actione
1172 2436 1245 2500 soli
1271 2442 1343 2521 (per
1366 2436 1445 2518 Prup

160 2630 378 2680 &imminentiam
404 2629 788 2688 Quareodmveloeitatosunisor-
819 2646 878 2694 quae
896 2644 980 2693 eorpus
998 2642 1111 2681 mmm
1128 2631 1220 2678 eodem
1240 2643 1350 2695 tempore
1365 2632 1445 2692 pust

160 2712 210 2744 mea
230 2696 277 2743 aiut
295 2705 323 2743 ut
340 2696 415 2756 spatia
436 2695 520 2743 eodem
540 2705 646 2756 tompore
667 2695 788 2757 dmcnpta,
819 2695 944 2754 dividatur,
954 2707 1041 2759 quotue
1050 2696 1096 2743 erit
1106 2694 1195 2757 puleiis
1206 2699 1284 2744 unius
1291 2698 1395 2745 he‘ttth
1409 2695 1446 2745 td

160 2759 241 2821 pulsus
251 2757 306 2807 verd
316 2760 409 2821 proprii
427 2759 548 2808 velocitate
559 2759 666 2823 nquabili
680 2760 787 2821 periphe-
819 2759 875 2808 dato
891 2775 956 2816 sono,
978 2775 1091 2807 nummus
1113 2760 1281 2807 mintionum
1301 2778 1361 2824 quae
1375 2776 1446 2822 corpu

161 2824 219 2871 tiam
235 2824 316 2872 circuli
332 2824 398 2872 radio
411 2825 434 2871 A
446 2824 557 2884 descripti
575 2834 678 2884 tempore
697 2824 788 2873 oscilla-
819 2838 930 2872 Μαι
949 2824 1004 2872 dato
1021 2834 1128 2884 tempore
1144 2827 1253 2886 pungit,
1273 2827 1391 2875 invention
1403 2833 1446 2887 (μ

162 2889 232 2936 tionis
249 2889 319 2935 unius
334 2905 362 2936 ex
379 2889 414 2936 itu
427 2899 450 2935 et
462 2887 537 2935 reditu
549 2889 684 2948 compositae
695 2903 789 2950 percm-
821 2889 932 2936 i'ormules
943 2895 997 2945 303,
1010 2889 1085 2947 304),·
1103 2888 1123 2935 ai
1135 2889 1255 2936 nimirum
1272 2891 1362 2938 ebotda
1371 2891 1444 2937 mia

161 2964 204 3007 rat,
216 2963 239 3000 et
249 2967 385 3016 gravatum
397 2953 510 3000 uniformi
522 2953 649 3007 velocitate.
663 2968 734 3014 quam
749 2967 788 3000 at·
820 2953 850 3000 ad
861 2952 988 3000 unisonum
1005 2953 1042 2999 sei
1060 2952 1091 2999 ad
1107 2962 1194 3000 notam
1211 2956 1444 3002 mammonin

161 3018 252 3079 quirem
263 3028 339 3077 potest
349 3017 455 3065 cadendo
464 3032 504 3077 per
512 3016 788 3064 dimidiamaititudinem
819 3033 878 3065 sono
888 3017 943 3065 dato
953 3016 1083 3064 reducatur.
1119 3017 1188 3066 cum
1206 3019 1275 3065 euim
1292 3018 1444 3068 munit

166 3084 196 3137 A,
208 3081 290 3127 eodem
302 3093 405 3139 tempore
417 3081 479 3127 idem
489 3082 589 3139 spatium
600 3081 726 3137 describat3
745 3098 786 3140 pa·
818 3082 915 3128 ferentia
925 3099 939 3129 a
949 3097 1047 3128 numero
1063 3081 1227 3128 vibrationurn
1247 3100 1310 3146 quas
1325 3100 1404 3143 corpere
1416 3098 1444 3128 te-

162 3145 394 3192 tettelocitateaillae
403 3147 486 3206 pulsus
497 3156 519 3191 et
530 3146 606 3206 gravis
619 3162 667 3193 esse
678 3145 783 3207 aequales.
819 3161 902 3192 sonum
920 3145 975 3192 dato
993 3155 1100 3206 tempore
1116 3147 1230 3203 absolvit,
1251 3148 1444 3210 pendeatmtt

196 3208 231 3271 (¹¹)
243 3212 257 3238 ⁰
276 3212 382 3256 Velocitae
395 3213 506 3270 pttdtuum
524 3212 573 3265 erit,
593 3212 635 3255 Ac.
672 3210 788 3256 Velocitae
819 3209 894 3270 ³19);
911 3208 981 3256 iidem
992 3211 1041 3256 toni
1052 3209 1136 3257 eodem
1148 3211 1315 3259 vibrationum
1327 3214 1443 3259 ieocitm

163 3273 283 3332 pulsuum,
303 3283 330 3319 ut
347 3285 400 3332 pote
417 3273 512 3335 aequalia
524 3277 575 3336 (per
588 3274 641 3321 Cot.
659 3274 692 3334 1.)
704 3274 786 3320 voloci-
819 3289 873 3320 tum
896 3289 994 3320 numero
1018 3273 1193 3334 pmducuntur.
1230 3277 1326 3323 Notum
1348 3276 1399 3323 reni
1416 3285 1444 3320 es

163 3337 204 3382 tati
213 3352 283 3398 quam
292 3337 370 3398 gravia
378 3353 418 3396 per
429 3337 549 3383 dimidiam
558 3337 705 3385 aitimdinem
719 3339 786 3384 Aca-
819 3340 921 3398 spatium
941 3338 1005 3400 quod
1026 3354 1098 3386 tonus
1125 3337 1185 3386 dato
1213 3350 1324 3400 ternpooe
1349 3339 1442 3387 mitt

164 3401 381 3461 deudoacquirunt,
400 3401 469 3446 estin
482 3400 742 3461 rationesubduplicatti
752 3401 785 3448 al·
819 3404 896 3466 (ete).

164 3465 270 3511 titudinis
285 3463 347 3510 illius
360 3465 382 3510 A
394 3469 443 3527 (28.
459 3464 512 3511 Lib.
529 3465 580 3525 1.);
597 3466 639 3512 sed
653 3465 751 3512 altitudo
765 3467 786 3512 A
855 3466 961 3526 Exempli
973 3465 1050 3521 must,
1063 3466 1083 3513 si
1094 3481 1169 3513 tonus
1177 3469 1291 3515 annium
1300 3468 1441 3519 amathim

163 3527 234 3575 medii
247 3528 394 3591 homogenei,
407 3529 474 3590 cnjus
484 3528 586 3575 densitas
596 3531 677 3577 eadem
688 3540 787 3576 ealcum
819 3546 889 3592 quem
907 3531 1021 3590 possimus
1039 3529 1195 3592 distinguere,
1215 3533 1442 3580 vintiomltusitte

164 3594 276 3640 densitate
293 3593 363 3639 medii
385 3593 406 3639 E
426 3594 448 3638 G
466 3603 489 3638 et
506 3593 598 3652 pondua
617 3596 641 3640 in
660 3593 788 3656 equilibtio
819 3594 867 3657 gris
880 3602 943 3642 6400
954 3605 1056 3655 tempore
1067 3595 1155 3641 minuti
1165 3597 1241 3643 unius
1252 3598 1351 3644 secundi
1362 3595 1442 3643 abab

164 3672 219 3704 curn
238 3658 342 3718 ejusdem
359 3655 466 3703 mediiE
482 3658 504 3703 G
522 3657 544 3702 vi
561 3657 662 3715 clasticti,
680 3668 788 3705 manente
819 3663 849 3706 tis
859 3659 1004 3718 producatur,
1022 3669 1045 3705 et
1059 3659 1170 3705 omnium
1182 3662 1339 3722 gratissima
1348 3659 1442 3707 um

165 3720 276 3768 densitate
287 3732 322 3768 eat
333 3731 359 3767 ut
367 3721 459 3781 pondus
467 3735 508 3767 seu
516 3722 584 3767 utris
592 3723 685 3770 olastica
695 3720 787 3775 directe,
820 3723 889 3770 nibus
903 3723 948 3786 124
960 3723 1080 3777 excitetur,
1092 3724 1127 3770 uti
1143 3724 1177 3770 D.
1194 3726 1338 3772 Saraveurin
1351 3723 1443 3772 neeis

164 3796 190 3832 et
200 3797 308 3832 manante
318 3786 340 3831 vi
352 3784 445 3831 elastici
460 3800 501 3831 eeu
518 3786 619 3844 pondere
630 3798 664 3834 est
675 3797 701 3834 ut
712 3786 789 3833 densi-
823 3788 896 3834 Acad.
917 3787 1002 3834 Sciant.
1023 3786 1096 3834 Paris.
1115 3803 1155 3833 an.
1174 3792 1244 3835 1700.
1263 3792 1386 3837 arbim
1400 3800 1441 3843 m

165 3858 200 3895 tas
218 3849 313 3905 inverse,
331 3850 386 3910 quia
401 3849 502 3896 densitas
512 3858 548 3895 est
558 3866 648 3911 semper
659 3862 686 3897 ut
696 3851 788 3911 pondus
820 3851 896 3898 divide
918 3853 1017 3912 spatium
1042 3857 1111 3898 tlte.
1132 3851 1226 3911 pedum
1257 3853 1440 3902 bodioem'm

165 3911 251 3960 directi
269 3923 292 3960 et
311 3913 419 3960 volumen
439 3928 480 3960 seu
499 3913 598 3960 altitudo
611 3917 633 3960 A
645 3914 748 3973 intersd3
765 3925 789 3961 et
820 3917 882 4026 puori
899 3932 970 3963 sonus
986 3926 1089 3976 ternpore
1105 3917 1194 3963 minuti
1206 3919 1283 3965 tinius
1293 3918 1442 3966 modim·

165 3987 286 4037 propterea
305 3979 435 4040 conjunctis
451 3979 488 4024 hie
504 3978 631 4024 rationibus
645 3979 744 4026 altitudo
765 3982 787 4025 A

166 4052 202 4087 eat
220 4056 309 4101 semper
320 4043 344 4087 in
355 4043 443 4089 ratione
461 4041 588 4102 compositi
606 4059 634 4088 ex
651 4045 739 4090 ratione
755 4043 789 4089 vis
821 4045 894 4106 quoti,
914 4044 1020 4091 videlicet
1038 4043 1106 4106 digiti
1124 4050 1149 4098 2,
1171 4051 1211 4101 14,
1227 4057 1255 4093 et
1271 4048 1343 4108 peda
1358 4052 1395 4102 91,
1408 4049 1441 4096 56»

166 4104 266 4152 elasfice·
287 4105 372 4153 directe
393 4116 417 4153 et
437 4106 526 4153 ratione
545 4105 664 4153 densitatis
689 4106 786 4155 inverse
821 4121 890 4156 eruut
901 4109 1034 4156 latitudines
1045 4108 1167 4168 pulmum,
1185 4108 1441 4173 quibuaeoaiatmtid·

169 4169 251 4224 Quare
262 4170 370 4216 velocitas
380 4170 492 4230 pulsuum
503 4170 547 4217 erit
557 4171 581 4215 io
594 4173 682 4217 ratione
693 4187 787 4232 compo·
821 4188 874 4219 mus
883 4184 906 4220 et
917 4172 1065 4236 gravissimus
1076 4173 1252 4234 producuntur.

167 4231 209 4278 titi
223 4248 251 4279 ex
263 4233 523 4294 subdupiicatiratione
539 4234 657 4281 densitatis
669 4236 791 4283 inversae
855 4239 890 4301 (Ρ)
904 4244 915 4268 ’
929 4241 985 4287 Lur
1002 4241 1065 4285 enim
1084 4239 1138 4285 calm
1160 4251 1308 4302 propagetur
1328 4238 1440 4289 mati·

167 4296 328 4357 subduplirati
339 4299 427 4345 ratione
435 4300 469 4344 vis
479 4299 577 4346 elasticae
587 4298 680 4346 directi.
815 4304 893 4350 'lineat
904 4314 982 4358 tectus,
993 4312 1017 4349 et
1028 4303 1172 4362 interpositis
1182 4307 1324 4366 oerporibtts
1333 4304 1404 4365 0μά
1411 4302 1440 4346 Ἰ-

201 4360 235 4418 (⁰)
249 4366 261 4390 ⁶
276 4365 330 4409 Erit
345 4366 426 4423 pultat
442 4366 515 4411 unius
532 4367 635 4411 latitudo.
669 4365 789 4419 Quoniam
822 4367 961 4428 tercipiatur.
971 4367 1095 4415 iunctione
1103 4367 1351 4431 eoliaeupmiouu
1362 4377 1439 4415 mu!

167 4422 249 4483 pulsus
270 4441 351 4472 ornnes
369 4427 479 4473 uniformi
498 4443 552 4474 cum
572 4428 691 4475 velocitate
708 4444 789 4490 propa-
822 4445 863 4490 per
873 4431 977 4478 medium
993 4431 1115 4491 quodlibet
1131 4431 1237 4481 fluidum
1248 4446 1382 4497 propagato
1394 4444 1439 4477 Μ·

167 4497 254 4549 gantur
271 4492 308 4551 (er
326 4490 387 4537 dem.
404 4491 474 4550 Prop.
489 4491 593 4539 vatt
600 4493 618 4540 1.
636 4502 659 4538 et
677 4493 790 4552 XLIX.)
823 4495 902 4541 sistere
913 4495 1075 4556 nequit;quia
1086 4495 1439 4561 praeominatum-edin·

167 4560 191 4597 et
201 4560 236 4598 tot
246 4553 327 4612 pulsus
338 4553 438 4616 equales
452 4555 613 4615 producuntur
623 4557 647 4602 in
659 4556 718 4613 aire,
735 4569 792 4620 quot
823 4574 894 4605 omne
905 4558 1003 4605 fluidum
1020 4573 1151 4623 propagata
1168 4561 1298 4626 divergunt
1310 4580 1325 4610 a
1335 4576 1390 4609 reno
1401 4570 1440 4603 ὓ·

167 4626 222 4662 tunt
240 4617 340 4674 corporis
356 4618 449 4665 tremuli
466 4620 603 4666 vibrationes
618 4623 746 4668 itochronae
762 4639 790 4668 er
824 4623 880 4669 mita
891 4625 915 4668 in
926 4623 999 4682 spatia
1010 4624 1109 4671 immota
1119 4637 1144 4671 et
1156 4642 1220 4685 pone
1228 4630 1349 4676 obnecuh
1358 4627 1440 4673 eim·

167 4678 791 4744 ituetreditucompositae(perCor.Prop.llLVIl.);
824 4703 916 4750 quaque
932 4687 1109 4748 diffunduntur,
1125 4706 1169 4750 per
1189 4692 1262 4753 Prop
1273 4694 1358 4740 citatas.
1390 4687 1441 4735 Cin

166 4743 297 4804 tispatium
317 4745 379 4807 quod
396 4747 478 4806 pulsus
488 4764 530 4794 eeu
542 4766 613 4796 sonus
623 4751 678 4796 dato
689 4760 792 4810 tempore
825 4751 898 4813 igitur
908 4751 987 4798 lumen
999 4752 1029 4798 eit
1040 4768 1134 4814 corpus,
1152 4767 1181 4802 ut
1193 4768 1324 4816 potemotu
1335 4764 1442 4816 μαψ*

166 4822 299 4866 percurrere
320 4809 398 4869 possit,
419 4825 463 4860 oar
484 4827 609 4861 numerum
629 4814 790 4871 vibrationum‚
825 4816 1443 4876 vopraeditunuauoutaculimfletuuentmtm

838 3981 876 4033 cit,
894 3996 935 4041 per
946 3995 1055 4026 numeros
1071 3986 1142 4027 6400.
1163 3991 1189 4028 et
1208 3982 1257 4045 12}
1279 3982 1409 4036 numiui,
1422 3989 1443 4026 tt
