3202 5446
183 505 244 571 576
473 494 816 565 PHILOSOPHIAE
840 495 1117 563 NATURALIS
1181 496 1298 579 [Mor.
1315 497 1468 564 Corma.

166 667 625 735 Dinmediononresistente
646 666 872 732 retardaturin
895 666 924 731 E
945 666 1143 745 estutCF„
1167 667 1468 756 etvisquicorpm

165 775 532 841 dinnredioresistente
554 774 876 841 retardaturineest
895 787 931 839 ut
952 796 1074 839 summa
1094 775 1466 842 risCeetresistentin

167 882 253 960 CO,
270 883 304 948 id
318 895 366 948 est
380 896 416 947 ut
432 882 463 950 O
478 906 514 961 e;
537 883 671 970 ideoque
692 883 784 961 vires,
810 881 923 970 quibus
944 904 1078 967 corpora
1098 883 1312 961 retardanbsr‚
1339 896 1414 950 sunt
1432 898 1464 951 ut

164 992 299 1056 arcubus
316 993 345 1057 C
361 992 400 1071 E,
419 992 481 1058 Oe
496 991 746 1078 proportionales
760 1012 852 1056 arcus
868 991 897 1056 C
913 991 952 1068 B,
977 989 1011 1057 Ο
1028 991 1075 1069 Β;
1097 990 1298 1078 proindeque
1321 992 1462 1057 velocita-

164 1112 221 1178 tes,
248 1100 279 1163 in
303 1098 376 1165 dett
398 1099 451 1164 iflt
473 1100 594 1164 ratione
614 1098 791 1178 retardetur,
818 1112 949 1163 manent
968 1098 1001 1162 in
1020 1096 1131 1164 eidem
1156 1097 1210 1162 illt
1236 1098 1313 1164 dart
1336 1102 1460 1167 ratione.

165 1204 353 1272 Velocitate·
367 1207 462 1295 igitur
477 1220 510 1272 et
523 1229 613 1272 srcus
628 1206 739 1270 iisdem
754 1205 902 1292 descripti
916 1228 1041 1293 semper
1054 1219 1127 1272 tunt
1141 1204 1182 1270 ed
1196 1206 1335 1271 invicem
1349 1209 1382 1272 in
1391 1207 1458 1274 data

164 1308 216 1378 ilo
239 1315 360 1379 ratione
382 1337 514 1379 arcuum
540 1314 569 1380 C
585 1314 614 1380 B
629 1326 662 1379 et
676 1314 709 1380 Ο
725 1314 772 1392 Β,
795 1314 835 1401 (“)
851 1326 884 1382 et
896 1327 1065 1401 propteres
1079 1315 1106 1379 si
1120 1328 1289 1379 sumantur
1302 1337 1391 1381 erute
1404 1316 1456 1382 toti

164 1424 197 1486 A
214 1423 251 1501 Β,
268 1447 287 1487 a
306 1423 335 1488 B
356 1424 390 1488 in
405 1424 516 1492 ebdern
540 1426 673 1506 ratione,
695 1447 830 1511 corpora
849 1425 895 1506 D,
921 1426 944 1491 d
966 1425 1059 1492 simul
1079 1426 1262 1492 describent
1281 1425 1343 1492 bos
1362 1448 1453 1505 erem,

155 3018 187 3070 et
216 3006 248 3069 in
278 3006 354 3070 locis
384 3008 415 3071 A
441 3019 473 3071 et
498 3029 517 3070 s
542 3019 664 3069 motum
694 3027 821 3069 omnem
851 3003 942 3068 simul
972 3004 1125 3070 amittent
1170 3008 1361 3081 Isocbronoe
1388 3029 1451 3083 sunt

154 3115 250 3204 igitur
276 3117 483 3182 oscillationes
506 3130 591 3196 totae,
615 3129 647 3180 et
667 3117 801 3180 arcubus
823 3115 895 3178 totis
920 3114 1005 3191 BA,
1031 3115 1093 3180 Ba
1107 3123 1368 3203 proportionales
1389 3139 1451 3192 sunt

154 3247 284 3289 arcuum
307 3239 411 3309 partes
433 3225 582 3312 quaelibet
598 3224 626 3289 B
642 3224 686 3301 D,
705 3223 733 3288 B
748 3223 770 3287 tl
785 3221 834 3286 vel
851 3223 880 3288 B
896 3221 936 3299 Ε,
954 3222 983 3287 Β
998 3245 1016 3286 e
1031 3246 1103 3309 quae
1117 3225 1211 3290 simul
1227 3229 1452 3300 describuntur.

156 3334 198 3413 Q.
214 3359 241 3400 e.
257 3336 288 3400 d.

201 3447 301 3511 carol.
347 3444 449 3533 Igitur
469 3456 572 3508 motus
599 3441 811 3506 velocissimus
833 3441 865 3503 in
887 3440 995 3505 medio
1018 3442 1179 3508 resistente
1204 3468 1272 3512 non
1295 3451 1454 3519 inciditin

153 3567 307 3641 punctum
327 3553 472 3617 infimum
497 3553 535 3629 C,
565 3551 605 3638 (¹)
622 3551 676 3614 sed
692 3550 848 3634 reperitur
862 3549 895 3611 in
911 3562 1029 3632 puncto
1045 3549 1099 3612 illo
1115 3549 1156 3628 Ο,
1180 3575 1247 3639 quo
1261 3578 1357 3624 arcus
1379 3575 1454 3627 tortis

154 3666 329 3752 descriptus
355 3689 374 3730 a
397 3664 426 3732 B
452 3665 618 3728 bisecatur.
665 3661 708 3725 Et
733 3682 850 3744 corpus
875 3658 1009 3723 subinde
1033 3660 1195 3747 pergendo
1219 3663 1263 3729 ad
1287 3690 1318 3747 a,
1351 3671 1455 3738 iffi„

154 3774 306 3864 gradibus
328 3771 506 3839 retardatur
535 3769 649 3858 quibus
679 3784 771 3832 antea
800 3766 1032 3832 sccelerabatur
1061 3767 1093 3829 in
1117 3767 1274 3839 descensu
1298 3799 1362 3843 suo
1386 3781 1455 3847 ,Β

155 3889 196 3954 ad
213 3888 255 3955 0.

188 4130 296 4191 (·)·1tt
430 4164 435 4176 .
472 4123 786 4175 simmaturarcusAC
851 4122 1450 4195 (¹)'Sedreperittert'npattdotlloo,mu

155 4191 251 4256 equalis
263 4192 284 4239 C
337 4202 360 4240 et
370 4190 457 4241 deinde
468 4207 535 4239 arcus
545 4190 590 4238 aB
603 4189 719 4238 adarcurn
729 4190 752 4235 A
764 4188 786 4236 B
820 4188 883 4235 Naro
896 4186 954 4234 ratio
965 4185 1114 4234 relocitstutn
1123 4187 1240 4237 iumedtis
1248 4193 1451 4245 mmmm

153 4254 557 4312 indatdrationeOBadCBt
577 4270 674 4315 corpora
696 4253 787 4300 Detd
819 4253 938 4299 mimate
955 4259 990 4297 est
1007 4251 1235 4311 tempereedernin
1253 4259 1450 4317 punctim

153 4321 225 4368 simul
243 4321 373 4370 describent
389 4324 432 4370 bos
450 4337 524 4377 arcus,
543 4330 567 4366 et
585 4320 609 4366 in
628 4318 683 4366 locis
697 4319 718 4364 Α
732 4327 755 4363 et
770 4334 784 4363 u
815 4316 973 4377 pandentibus
985 4325 1012 4362 ut
1022 4314 1072 4362 ind
1085 4327 1109 4362 et
1122 4317 1155 4373 D,
1173 4317 1198 4364 in
1212 4319 1236 4366 0
1248 4331 1273 4368 et
1286 4323 1316 4378 C,
1334 4324 1450 4383 ioeoesst

152 4395 245 4433 motum
261 4402 356 4435 omnem
373 4386 445 4434 simul
461 4386 575 4434 amittent.
608 4384 671 4431 Nam
688 4398 742 4428 curn
754 4383 784 4428 sit
815 4380 966 4441 sedoorporis
982 4380 1007 4426 in
1024 4379 1102 4428 medio
1120 4395 1169 4428 non
1189 4383 1311 4434 resistente
1331 4390 1451 4438 Q

152 4529 169 4562 tt
443 4530 511 4564 vell!
1219 4546 1225 4564 u
1255 4530 1280 4561 ul
1338 4531 1449 4567 mew-

152 4579 217 4626 ersui
230 4581 251 4628 C
265 4582 296 4637 A,
313 4532 458 4644 llel'quoque
468 4594 536 4627 erem
548 4578 571 4626 0
583 4528 704 4638 eogqmlh
719 4574 783 4621 armi
815 4574 958 4621 celerabatur
969 4575 993 4620 in
1004 4572 1133 4632 descensu;
1153 4591 1226 4637 quare
1237 4529 1323 4627 bintus
1340 4583 1449 4632 tetoeffi.

154 4640 215 4701 0⁸3
235 4655 259 4692 et
269 4645 324 4706 quia
335 4656 414 4693 motus
424 4645 448 4691 in
459 4642 537 4691 medio
549 4658 596 4689 non
607 4641 727 4688 resistente
743 4654 783 4685 es·
815 4653 869 4685 mus
881 4639 905 4684 in
916 4637 994 4685 medio
1005 4638 1124 4686 resistente
1135 4641 1250 4700 reperitur
1259 4643 1284 4691 in
1295 4645 1328 4701 0,
1341 4648 1448 4696 erfida

36 4701 42 4714 ⁸
151 4709 269 4772 tinguitur
280 4710 304 4755 in
320 4711 350 4765 Δ,
368 4712 399 4756 ob
417 4710 437 4757 C
452 4711 521 4756 A=
534 4708 554 4755 C
568 4708 605 4765 B;
623 4707 647 4752 in
659 4704 738 4751 medio
749 4719 784 4750 re-
817 4701 902 4749 deinde
921 4702 1033 4765 grsdrbus
1051 4702 1179 4751 retardatur
1197 4704 1222 4752 in
1238 4723 1349 4769 meum,
1369 4712 1448 4777 φῶ.

151 4773 246 4824 necate
256 4775 408 4836 extinguetur
418 4789 512 4836 quoque
527 4773 552 4818 in
568 4787 589 4826 a,
607 4786 635 4818 eo
646 4768 709 4831 quod
720 4768 783 4844 telo-
816 4777 871 4814 ante
882 4767 1053 4816 accelerabatur
1064 4768 1089 4815 in
1100 4767 1220 4817 descensu.

151 4837 483 4898 dminlociffleetn,
500 4831 780 4884 suintindatlratrone.
