3202 5446
162 437 201 495 14
436 426 776 497 PHILOSOPHIAE
800 425 1083 502 NATURALIS,
1105 427 1163 490 &c
1273 425 1452 504 [Durium.

153 640 234 703 pora
258 617 363 704 aliqua
386 617 559 706 longinqua
584 617 689 680 datam
711 616 792 678 inter
818 637 850 678 se
870 614 1056 698 positionem
1078 612 1239 691 servantia,
1263 611 1368 698 qualia
1381 629 1456 680 sunt

157 726 263 792 Stellae
279 727 369 790 Fixae
383 726 417 788 in
432 726 611 813 regionibus
629 723 790 789 Coelorum
805 723 869 808 (‘),
893 723 964 786 sciri
985 720 1111 808 quidem
1129 743 1200 801 vnon
1222 732 1327 805 posset
1348 743 1389 784 ex
1404 744 1455 786 re·

153 833 247 898 lativa
271 833 438 921 globorum
463 832 665 897 translatione
687 831 768 893 inter
790 850 932 913 corpora,
956 841 1061 892 utrum
1074 826 1123 891 his
1138 849 1178 891 an
1193 827 1254 890 illis
1267 827 1455 893 tribuendus

152 954 232 1006 esset
245 953 357 1005 motus.
403 942 448 1005 At
462 941 487 1002 si
505 937 715 1004 attenderetur
736 937 777 1000 ad
798 936 896 1013 filum,
920 947 952 999 et
973 933 1257 1019 deprehenderetur
1279 934 1453 1001 tensionem

151 1051 218 1135 ejus
232 1049 317 1112 illam
333 1049 431 1132 ipsam
447 1068 620 1132 essequam
634 1058 736 1109 motus
757 1043 926 1131 globorum
941 1042 1120 1128 requireret,
1144 1040 1330 1105 concludere
1344 1041 1453 1109 liceret

154 1169 274 1219 motum
290 1177 357 1220 esse
371 1155 548 1242 globorum,
572 1165 603 1216 et
617 1174 749 1236 corpora
763 1152 933 1239 quiescere3
957 1162 988 1214 et
1010 1162 1076 1213 tum
1098 1148 1225 1213 demum
1240 1171 1280 1213 ex
1294 1149 1452 1216 translati·
1485 1228 1489 1242 ⁴

151 1286 213 1326 one
241 1263 407 1350 globorum
433 1263 514 1325 inter
543 1283 684 1346 corpora,
708 1259 997 1330 determinationem
1025 1259 1117 1344 hujus
1153 1272 1256 1322 motus
1291 1258 1450 1348 colligere.

153 1371 262 1435 Motus
277 1383 380 1434 autern
395 1391 487 1433 veros
501 1391 541 1433 ex
563 1390 675 1432 eorum
697 1367 805 1444 causis,
829 1365 995 1445 effectibus,
1018 1379 1050 1430 et
1063 1365 1283 1451 apparentibus
1303 1365 1451 1433 differen-

151 1477 201 1541 tiis
216 1478 372 1565 colligere,
396 1490 428 1540 et
442 1489 551 1540 contra
565 1497 607 1540 ex
628 1475 763 1538 motibus
785 1498 839 1539 seu
853 1475 933 1538 veris
948 1465 1002 1538 seu
1015 1474 1236 1560 apparentibus
1251 1496 1362 1541 eorum
1376 1499 1450 1542 cau·

151 1608 200 1649 aas
223 1597 255 1648 et
277 1584 413 1661 effectus,
436 1583 602 1648 docebitur
626 1582 722 1646 fusius
745 1583 778 1645 in
801 1582 1007 1669 sequentibus.
1054 1582 1153 1647 Hunc
1177 1581 1261 1646 enim
1288 1580 1323 1646 iu
1352 1583 1448 1650 finem

153 1693 337 1757 Tractatum
351 1705 531 1778 sequentem
545 1690 717 1775 composui.

150 1894 265 1940 centrum,
282 1884 307 1932 id
317 1894 359 1938 est,
376 1883 438 1932 eirea
448 1894 563 1946 punctum
574 1884 698 1948 equilibrii
708 1883 784 1932 revol-
815 1883 905 1932 tissima
925 1882 1056 1932 illustratur
1078 1883 1186 1944 exemplo
1211 1884 1277 1932 naria
1303 1887 1449 1950 equabilitu

147 1949 259 2000 rentium,
271 1948 425 1995 innotesceret
435 1964 464 1995 ex
479 1949 548 1996 aucti
563 1949 600 1995 rel
616 1947 733 1996 diminuti
749 1948 783 1995 uti
815 1958 893 2002 mota,
910 1949 979 2012 cujus
995 1958 1080 2001 motus,
1097 1951 1127 1995 ab
1145 1949 1173 1995 iis
1189 1949 1231 2024 qui
1249 1949 1304 1997 nari
1320 1953 1446 2011 vehuntur,

150 2011 255 2062 tensione
286 2024 442 2077 augmenmm
468 2013 506 2060 val
531 2013 706 2060 decrementum
733 2027 784 2058 mo·
815 2013 890 2060 oeulis
900 2028 948 2060 non
963 2012 1096 2073 percipitur,
1114 2012 1173 2060 dum
1188 2013 1266 2061 littora
1281 2016 1398 2079 urbesque
1408 2018 1448 2066 su.

150 2077 195 2132 tiis,
213 2080 255 2125 ἃς.
816 2093 871 2139 gere
892 2077 1008 2123 videntur.
1053 2077 1092 2124 Ex
1113 2078 1201 2139 optices
1221 2078 1341 2141 principiis
1362 2082 1448 2130 horum

183 2144 215 2205 (fi
232 2149 271 2190 23.
292 2143 411 2202 Spectator
426 2142 451 2188 in
462 2141 533 2203 giobo
543 2152 614 2195 moto.
631 2141 668 2187 rel
678 2140 749 2187 etiam
759 2140 784 2186 in
816 2142 990 2200 phaenomenin
1001 2141 1100 2201 petendu
1111 2153 1145 2189 eat
1156 2142 1225 2201 ratic;
1236 2158 1265 2189 ea
1274 2144 1339 2191 euim
1349 2160 1448 2208 corpora

149 2208 216 2254 atelli
228 2207 272 2253 fixa
284 2208 380 2267 positus,
396 2206 446 2252 solo
456 2205 579 2252 oculorum
590 2205 684 2261 auxilio,
701 2220 742 2252 seu
753 2219 782 2251 ex
815 2205 932 2268 quiescere
949 2205 1135 2268 videnturque,
1152 2206 1211 2254 dum
1229 2221 1272 2254 noa
1289 2207 1334 2269 ipsi
1353 2209 1447 2259 nuliam

149 2271 252 2318 motibus
262 2270 425 2330 apparentibus
440 2269 569 2316 discernere
585 2284 633 2315 non
649 2279 732 2329 posset,
751 2284 783 2315 an
814 2269 929 2317 actualem
948 2270 1092 2318 voluntatem
1109 2281 1200 2319 nonnet
1220 2271 1330 2320 movendi
1352 2288 1447 2324 αωο-

150 2335 242 2396 globus,
253 2349 284 2381 an
292 2334 359 2381 steila
366 2332 418 2380 rere
428 2344 570 2390 mouentum
582 2332 782 2396 quemadmodum
814 2348 874 2389 mua,
887 2333 985 2381 andem
995 2345 1101 2395 respectu
1109 2336 1171 2384 oculi
1184 2335 1323 2397 positionem
1333 2350 1446 2387 conmu-

149 2398 239 2446 teiiuris
255 2398 337 2445 incola
348 2412 377 2444 er
388 2397 508 2458 apparenti
524 2397 644 2444 stellarum
659 2407 725 2444 motu
737 2397 778 2444 de·
811 2407 847 2444 ter
857 2409 955 2453 servam,
973 2398 1006 2446 ita
1024 2408 1052 2447 ut
1070 2415 1152 2447 eonuu
1168 2400 1247 2462 imago
1262 2417 1316 2464 que
1331 2401 1357 2449 iu
1368 2402 1447 2453 iirndo

148 2463 273 2511 terminare
288 2478 336 2509 non
352 2475 456 2522 potsunt,
473 2478 504 2508 an
519 2461 592 2508 atalia
608 2461 659 2509 rere
670 2477 779 2509 movean-
811 2463 874 2510 oculi
891 2464 1003 2526 pingitur,
1026 2463 1124 2512 eandem
1142 2481 1233 2526 semper
1251 2466 1332 2513 retina
1352 2478 1446 2527 parta

149 2536 199 2584 tur3
219 2527 267 2574 sive
283 2527 347 2573 enim
364 2541 420 2574 cum
436 2526 497 2574 terri
512 2541 655 2581 moveamur,
673 2538 697 2573 et
707 2526 779 2574 steila
810 2538 918 2588 occupet:
937 2544 965 2575 ea
982 2526 1037 2576 vero
1053 2529 1142 2593 objecta
1159 2529 1246 2577 moveri
1263 2529 1372 2578 ridentur
1389 2548 1447 2596 qu·

148 2591 268 2654 quieseant
279 2589 389 2644 absolute,
401 2590 449 2638 sire
460 2606 473 2637 e
484 2589 565 2638 cenet
575 2601 712 2638 moveantur
722 2590 777 2638 atel·
808 2602 914 2653 respeetu
924 2593 987 2640 oculi
998 2595 1069 2640 situm
1080 2610 1151 2642 auum
1161 2591 1273 2642 eontinud
1283 2604 1385 2653 mutant,
1399 2612 1443 2646 m

149 2655 179 2702 im
189 2667 213 2703 et
223 2666 284 2703 terra
293 2655 402 2718 quiescat.
419 2655 509 2703 adem
523 2656 620 2702 ornnino
635 2666 690 2703 sunt
705 2671 777 2717 appa·
808 2671 909 2719 quonum
925 2657 1039 2720 ἰωιςίιια
1053 2658 1154 2708 divam
1169 2659 1249 2707 retina
1262 2669 1445 2721 prtum

148 2720 235 2777 rende.
253 2719 325 2768 iidem
335 2728 413 2768 motus
427 2719 527 2781 relativa
543 2720 607 2783 quod
622 2721 719 2784 quidem
734 2735 777 2768 no-
808 2719 857 2769 aivd
871 2733 993 2782 occupant.
