3188 5444
196 468 257 524 620
501 453 846 526 PHILOSOPHIAE
869 450 1145 523 NATURALIS
1199 450 1320 532 [Mon.
1334 450 1482 518 Coma.

177 632 303 699 duobus
317 631 349 696 A
363 641 396 696 et
411 630 450 708 B,
466 639 499 694 et
512 628 611 692 altera
623 627 690 691 duo
704 626 733 690 F
747 636 780 690 et
795 624 829 690 G
841 623 876 687 in
890 623 983 688 tern'o
999 623 1029 690 C
1036 646 1046 701 ς
1061 623 1166 710 sitque
1180 621 1336 688 velocitas
1347 622 1481 709 emporis

178 743 213 808 D
227 740 269 806 ad
283 738 479 804 velocitatem
500 734 641 820 eorporis
657 734 696 811 Ε,
719 744 753 797 et
772 731 922 797 velocitas
940 729 1081 816 corporis
1098 729 1126 794 F
1140 727 1184 793 ad
1198 727 1405 794 velocitatem
1418 750 1480 795 onr-

175 849 262 937 poris
274 850 308 916 G
322 849 356 913 in
371 844 586 931 subduplieuti
602 844 722 908 ratione
735 842 850 907 virium
865 841 898 906 T
913 839 954 905 ad
968 841 1050 905 vires
1065 838 1115 904 Vs
1137 839 1324 905 resistentia
1345 839 1479 926 eorporis

175 959 211 1027 D
225 960 286 1024 erit
300 958 340 1022 ad
355 955 562 1021 resistentiam
577 951 718 1037 eorporis
734 950 773 1027 Ε,
790 961 822 1014 et
836 948 1013 1014 resistentia
1022 946 1165 1032 eorporis
1177 945 1259 1012 Fad
1275 946 1479 1013 resistentiam

175 1067 317 1154 eorporis
332 1066 377 1143 G,
400 1061 435 1147 (¹)
450 1063 484 1126 in
505 1061 707 1126 velocitatum
727 1057 849 1123 ratione
863 1053 1020 1142 duplicati
1029 1079 1039 1134 ς
1062 1066 1096 1120 et
1107 1065 1286 1139 propterea
1306 1054 1479 1120 museum

174 1175 316 1261 eorporis
336 1172 373 1239 D
394 1169 454 1235 erit
475 1169 515 1233 ad
538 1167 745 1233 resistentiam
770 1163 910 1250 eorporis
927 1162 1004 1229 Fut
1016 1160 1195 1227 resistentia
1218 1161 1365 1248 eorporis
1385 1159 1415 1226 E
1434 1159 1477 1229 sd

173 1280 383 1348 resistentiam
397 1275 537 1361 eorporis
553 1275 597 1341 G.
632 1274 735 1340 Sunto
749 1294 884 1357 oorpora
893 1270 928 1337 D
937 1282 970 1337 et
984 1269 1011 1335 F
1025 1266 1234 1356 tequivelocia
1247 1279 1287 1332 ut
1299 1279 1336 1333 et
1348 1290 1477 1357 corpora

175 1394 205 1460 Ε
220 1404 252 1457 et
267 1391 301 1457 G
308 1415 318 1467 3
344 1402 377 1455 et
390 1389 536 1476 augendo
556 1386 736 1453 velocitates
758 1407 927 1472 eorpornm
940 1384 976 1451 D
991 1396 1023 1449 et
1039 1384 1066 1449 F
1080 1385 1114 1448 in
1128 1384 1257 1449 ratione
1278 1382 1472 1470 qrfieunqne,

172 1522 211 1567 ae
232 1497 437 1566 diminuendo
456 1498 539 1562 vires
559 1496 784 1582 particulatim
805 1494 901 1583 medii
923 1493 953 1561 Β
971 1494 1006 1559 in
1026 1493 1139 1561 eidem
1159 1494 1289 1560 ratione
1308 1489 1469 1580 duple-tt,

173 1609 213 1695 (Β)
228 1604 356 1672 sooedet
370 1604 510 1670 medium
526 1604 554 1668 B
569 1604 610 1671 ad
624 1602 757 1669 formam
772 1615 805 1670 et
819 1603 1030 1670 conditionem
1050 1601 1147 1669 medii
1170 1603 1200 1668 C
1223 1625 1288 1688 pro
1310 1602 1421 1682 lubitu,
1439 1610 1469 1667 tt

171 1715 290 1782 idcirco
315 1713 501 1780 resistentie
521 1735 692 1798 oorporum
714 1713 884 1801 oequulium
905 1724 937 1778 et
957 1710 1196 1799 sequivelocinm
1219 1709 1253 1776 E
1267 1721 1303 1775 et
1318 1709 1356 1776 G
1375 1708 1409 1775 in
1426 1708 1470 1775 ms

170 1824 292 1903 mediis,
307 1820 462 1910 perpetud
476 1821 626 1887 aooedent
638 1822 681 1887 ad
695 1822 915 1909 oequnlitatem,
930 1819 975 1886 ita
984 1831 1025 1906 ut
1037 1838 1147 1884 earum
1160 1814 1351 1883 differentia
1368 1816 1471 1885 evadi

170 1931 297 1996 tandem
311 1932 416 1995 minor
430 1951 525 2017 quam
539 1929 613 1994 data
626 1929 754 2016 quaevis.
800 1929 939 1996 Proinde
953 1925 1027 1994 oiim
1039 1927 1230 1997 resistentie
1253 1926 1469 2014 oorporumD

170 2051 203 2106 et
217 2041 246 2105 F
259 2041 322 2104 sint
334 2040 376 2105 ad
390 2040 525 2104 invicem
538 2051 574 2102 ut
587 2038 772 2103 resistentiae
786 2058 956 2122 eorpomm
971 2035 1000 2102 E
1014 2046 1047 2100 et
1061 2033 1105 2113 G,
1128 2032 1288 2100 acoedent
1309 2033 1407 2100 etiam
1424 2031 1469 2099 ha

169 2147 312 2213 similiter
325 2149 367 2214 ad
381 2147 535 2213 rationem
550 2146 747 2234 equalitatis.
794 2146 977 2232 Corporum
996 2144 1094 2233 igitur
1107 2143 1142 2210 D
1158 2154 1192 2208 et
1208 2142 1249 2223 F,
1272 2143 1333 2210 ubi
1347 2144 1469 2211 velada·

168 2253 247 2321 simi
260 2267 435 2334 moventur,
451 2253 636 2320 resistentie
650 2265 724 2321 sunt
732 2253 870 2341 oequaler
880 2275 975 2342 quam
982 2249 1146 2338 proxime:
1167 2259 1203 2315 et
1216 2249 1467 2338 proptereaolm

168 2361 345 2427 resistentia
366 2362 507 2447 eorporis
530 2362 616 2427 Fsit
634 2361 668 2426 in
689 2361 848 2448 duplicati
870 2362 990 2427 ratione
1004 2359 1187 2438 velocitatis,
1212 2360 1279 2426 erit
1298 2361 1468 2429 mineth

167 2471 307 2556 corporis
322 2470 357 2536 D
370 2471 404 2535 in
418 2470 530 2536 eidem
544 2471 666 2537 ratione
679 2470 774 2558 quim
787 2471 940 2559 proxime.

210 2575 250 2663 (¹¹)
268 2579 368 2643 coroa.
386 2587 416 2643 8.
461 2577 612 2664 Corporis
626 2578 660 2642 in
673 2579 773 2644 fluido
787 2579 896 2667 quovis
911 2576 1039 2646 elastioo
1052 2575 1254 2644 velocissime
1267 2579 1353 2645 moti
1365 2576 1466 2645 eadem

164 2681 230 2748 ferd
243 2696 291 2748 est
304 2683 479 2750 resistentia
492 2706 530 2749 ao
543 2685 570 2748 si
583 2698 688 2771 partes
696 2686 786 2752 fluidi
799 2687 917 2753 viribus
931 2687 995 2753 suis
1010 2684 1195 2775 centrifugis
1210 2685 1464 2764 desimam,

165 2813 261 2879 seque
282 2806 392 2858 mutuo
411 2817 477 2860 non
495 2793 657 2884 fugerent:
682 2797 708 2861 si
729 2797 825 2863 modo
845 2796 935 2864 fluidi
956 2798 1003 2863 ris
1024 2797 1152 2864 elastiea
1172 2818 1219 2862 ex
1242 2797 1464 2884 pntionlarnm

163 2899 281 2966 viribus
295 2901 477 2991 centrifugis
491 2904 619 2984 oriatur,
636 2916 669 2970 et
681 2906 829 2972 selonites
843 2904 924 2972 oded
938 2928 1054 2993 magna
1064 2906 1104 2971 sit
1113 2917 1150 2970 ut
1157 2905 1247 2972 vires
1258 2907 1462 2974 uoumbsmt

163 3009 237 3072 satis
251 3010 400 3094 temporis
414 3009 456 3075 ad
471 3012 639 3098 agendum.

208 3119 306 3181 Corol.
321 3127 353 3181 4.
389 3119 528 3185 Proinde
538 3119 611 3185 crim
622 3122 805 3188 resistentia}
820 3123 967 3188 similium
981 3136 1013 3188 et
1026 3122 1273 3210 tequivelocium
1289 3143 1457 3212 oorpnm,

46 3294 48 3298 Α
160 3224 194 3287 in
219 3223 324 3287 medio
346 3227 433 3311 cujus
454 3240 560 3312 partes
582 3229 733 3294 distantes
755 3251 789 3295 se
809 3243 921 3295 mutuo
941 3252 1006 3294 non
1027 3228 1164 3317 fugiunt,
1196 3230 1234 3316 (¹)
1250 3233 1318 3298 sint
1339 3245 1375 3297 nt
1393 3252 1456 3319 qu·

160 3331 251 3396 drata
282 3331 524 3412 diametrorum
556 3350 629 3402 sunt
654 3339 748 3403 etiam
777 3339 1014 3426 oequivelocium
1043 3351 1077 3404 et
1103 3338 1276 3406 oelerrimd
1310 3353 1454 3407 motam

159 3464 328 3527 eorporum
350 3444 534 3510 resistentie
556 3448 589 3511 in
611 3448 708 3512 fluido
731 3447 857 3514 elastieo
879 3461 916 3515 ut
936 3447 1088 3534 quadrata
1113 3447 1352 3515 diametrorum
1372 3445 1452 3537 (ιώ

157 3549 312 3637 proxime.

203 3661 302 3724 Corol.
318 3668 348 3725 5.
395 3659 438 3724 Et
459 3657 533 3725 crim
554 3684 687 3747 corpore
709 3665 830 3743 similia,
855 3663 988 3751 oequslia
1008 3676 1040 3729 et
1061 3664 1283 3750 oequivelocia,
1307 3661 1448 3731 inmedi't

157 3765 296 3854 ejusdem
311 3766 481 3845 densitatis,
497 3790 633 3854 quorum
643 3772 806 3855 particulae
820 3794 854 3836 se
869 3786 980 3837 mutuo
990 3792 1055 3836 non
1065 3771 1206 3860 firgiunt,
1223 3771 1446 3862 simp-reone

156 3875 219 3941 111ae
234 3877 297 3941 sint
310 3877 416 3961 plures
431 3891 463 3942 et
477 3878 624 3956 minores,
641 3881 705 3944 sive
719 3882 883 3966 pauciores
898 3899 931 3945 et
943 3881 1088 3966 majores,
1104 3881 1138 3945 in
1151 3883 1314 3970 aequalem
1324 3882 1444 3948 metent

156 3989 360 4073 quantitatem
390 3991 583 4074 temporibus
616 3993 788 4079 {equalibus
822 3993 1006 4079 impingant,
1044 3992 1137 4078 eique
1166 3993 1330 4081 equalem
1356 4006 1441 4058 motta

186 4131 218 4196 (t)
230 4136 242 4165 ¹
256 4136 289 4183 ln
303 4137 450 4183 ulmetum
467 4137 556 4184 ratioroe
574 4135 698 4200 duplicati·
734 4138 787 4203 (Ex
821 4140 847 4188 D
864 4149 971 4188 moruus
981 4139 1123 4204 eringium,
1142 4141 1331 4207 qualiscumque
1347 4139 1439 4204 qd·

153 4195 318 4245 demonstratis
328 4198 399 4246 initio
412 4198 491 4246 Corol.
505 4200 599 4263 hujus.)
818 4213 869 4262 tur;
881 4219 1005 4265 oorporum
1016 4205 1040 4252 D
1049 4215 1073 4252 et
1086 4204 1155 4252 Fului
1166 4207 1319 4257 'dori-'nul
1328 4216 1438 4259 Μ

186 4261 221 4324 (¹)
233 4264 247 4292 ⁸
260 4264 360 4311 Accedet
370 4266 475 4311 medium
486 4266 517 4319 B,
528 4266 571 4311 dcc.
608 4265 632 4313 Si
649 4266 787 4314 enimvelo-
819 4266 1437 4336 resistentiismanentibrmoequellbusqmmpuhl

151 4323 233 4372 citare·
248 4340 375 4387 corporum
389 4327 413 4374 D
424 4337 449 4374 et
461 4327 487 4382 Β.
508 4344 580 4390 quam
595 4330 697 4379 maxime
715 4347 788 4395 auge·
819 4332 874 4379 licet
884 4333 955 4380 medii
966 4335 986 4382 C
997 4333 1081 4394 inquo
1091 4349 1179 4395 corpus
1193 4335 1215 4383 1³
1226 4348 1346 4392 movetur,
1356 4334 1437 4398 pub

152 4396 235 4436 rentur
251 4389 311 4436 vires
321 4389 490 4451 particularum
507 4393 578 4440 medii
592 4394 620 4448 B,
639 4397 788 4443 manentibus
819 4397 849 4444 1oe
859 4397 945 4443 viribus
955 4395 1092 4461 mnnisngis
1103 4413 1202 4459 prorsus
1212 4400 1377 4449 destituam.
1402 4396 1435 4446 p,

150 4451 240 4526 vitinus
258 4454 331 4501 medii
344 4458 366 4502 A
379 4466 404 4503 et
415 4456 537 4532 velocitate
554 4459 657 4519 corporis
674 4458 697 4507 E
713 4475 785 4536 quam
817 4461 966 4538 tettetiamex
975 4462 1076 4537 eoquod
1086 4466 1438 4524 supposuissemus-um

149 4514 786 4655 ιιιιιιιιιιιιικ1
817 4523 1438 4651 ειιιι-ιιιιιιῦιιιυιῦιιι

148 4658 213 4704 pons
226 4644 250 4692 D
261 4643 291 4691 ad
301 4645 444 4708 quadratum
455 4649 584 4699 velocitatis
594 4652 696 4712 corporis
708 4652 739 4699 E.
848 4652 879 4718 (¹)
892 4658 906 4684 ⁹
919 4656 971 4702 stne
985 4663 1013 4703 ut
1024 4659 1142 4717 quadrata
1152 4660 1334 4709 mmmm
1369 4658 1439 4707 ret

181 4707 220 4772 (ἱ)
233 4711 247 4738 ⁰
261 4712 414 4760 Coralius-ium
430 4718 454 4760 s.
492 4713 561 4762 Patet
579 4730 620 4777 per
641 4716 696 4763 Cor.
716 4721 738 4763 2.
757 4716 783 4764 in
814 4731 904 4779 panem
920 4717 982 4765 dem.
1004 4716 1075 4781 Prnp.
1094 4721 1176 4784 hujus.
1197 4725 1231 4772 ob
1249 4723 1318 4772 datas
1334 4730 1441 4788 upa·

146 4787 196 4836 quo
207 4772 278 4834 ris'l',
286 4771 335 4839 qui
344 4775 466 4838 particula
482 4778 554 4827 medii
569 4781 591 4828 Δ
603 4780 629 4828 in
640 4795 689 4844 quo
698 4796 784 4843 corpus
815 4781 949 4832 velocitates
958 4790 983 4832 et
993 4781 1066 4832 medii
1077 4783 1221 4836 mum
1232 4787 1323 4838 (hum.
