3202 5446
154 465 270 564 tait
287 496 455 574 secuta]
504 494 748 563 arlucum
777 493 1153 560 Marunuarrca.
1377 499 1436 561 ιιι

151 670 189 738 Ι)
204 670 255 738 vel
270 671 292 735 d
307 671 356 735 vel
372 670 402 735 E
425 672 465 756 (q)
482 685 518 737 ut
539 671 703 759 longitudo
719 692 809 735 arcus
826 671 855 735 C
870 669 903 734 D
926 670 975 734 vel
992 670 1020 735 C
1035 669 1057 734 d
1072 670 1121 733 vel
1139 669 1167 734 C
1183 669 1222 733 E.
1269 669 1457 754 Exponatur

151 780 201 842 vis
216 777 271 842 illa
284 800 343 862 per
357 777 493 841 eundem
507 801 633 856 arcum,
649 792 680 842 et
695 799 767 841 cunr
782 778 957 842 resistentia
972 777 1013 840 sit
1028 789 1063 840 ut
1085 788 1279 840 momentum
1295 776 1454 861 temporis,

151 886 289 973 ideoque
303 884 406 964 detur,
430 901 607 971 exponatur
622 887 731 951 eadem
745 909 803 973 per
817 886 924 951 datam
938 909 1028 950 arcus
1050 871 1199 972 cycloidis
1221 899 1343 971 partem
1367 886 1395 951 C
1412 883 1454 962 O,

152 1007 187 1059 et
201 1005 344 1058 sumatur
357 1015 449 1057 arcus
465 992 713 1058 odinatione
728 994 768 1058 ad
784 1016 892 1058 arcum
909 993 937 1058 C
952 993 987 1059 D
1003 1016 1096 1079 quam
1107 992 1202 1057 habet
1216 1015 1307 1056 arcus
1323 991 1354 1057 Ο
1372 993 1400 1056 Β
1415 992 1457 1056 ad

152 1124 264 1167 arcum
281 1101 310 1165 C
327 1101 373 1166 B:
397 1113 429 1165 et
440 1101 485 1165 vis
501 1102 562 1188 qui
579 1125 693 1187 corpus
708 1103 741 1165 in
756 1101 778 1166 d
793 1115 923 1189 urgetur
945 1103 979 1165 in
1000 1103 1106 1166 medio
1120 1105 1294 1180 resistente,
1322 1124 1394 1164 cum
1417 1102 1456 1164 sit

153 1235 302 1278 excessus
326 1213 373 1276 vis
401 1212 429 1277 C
449 1213 471 1277 d
495 1236 590 1298 supra
613 1214 823 1277 resistentiam
850 1211 937 1292 CO,
964 1223 1139 1299 exponetur
1160 1235 1219 1299 per
1243 1235 1350 1277 arcum
1376 1212 1454 1290 Od,

154 1321 291 1408 idebque
306 1321 366 1384 erit
381 1320 422 1384 ad
437 1322 509 1399 vim,
526 1322 587 1407 quai
604 1305 721 1407 corpus
734 1323 768 1386 D
783 1335 914 1410 urgetur
929 1323 962 1385 in
976 1323 1082 1386 medio
1096 1345 1162 1386 non
1173 1323 1336 1387 resistente
1344 1322 1377 1385 in
1387 1321 1457 1385 loco

153 1428 201 1509 D,
221 1441 258 1493 ut
272 1449 363 1492 arcus
380 1427 412 1493 0
426 1429 448 1492 d
464 1429 504 1492 ad
519 1452 627 1494 arcum
644 1429 672 1494 C
688 1429 740 1506 D;
764 1442 797 1494 et
809 1442 979 1515 propterea
993 1429 1087 1494 etiam
1108 1430 1142 1493 in
1164 1430 1235 1493 loco
1257 1430 1287 1494 B
1311 1443 1346 1493 ut
1367 1451 1457 1492 arcus

161 2953 194 3019 Ο
212 2952 241 3018 Β
256 2952 298 3017 ad
312 2973 422 3016 arcum
439 2950 466 3015 C
484 2949 522 3014 B.
570 2945 710 3012 Proinde
725 2946 751 3008 si
766 2967 900 3030 corpora
915 2945 989 3021 duo,
1006 2944 1050 3021 D,
1068 2944 1089 3008 d
1106 2959 1221 3010 exeant
1235 2946 1275 3011 de
1289 2948 1361 3013 loco
1377 2949 1415 3027 B,
1432 2962 1465 3015 et

158 3059 209 3125 his
235 3059 353 3124 viribus
376 3071 564 3147 urgeantur:
591 3077 663 3119 cum
688 3055 767 3117 vires
791 3053 849 3117 sub
872 3053 961 3116 initio
984 3053 1046 3116 sint
1061 3067 1096 3117 ut
1110 3076 1202 3118 arcus
1219 3056 1292 3122 CB
1315 3070 1346 3122 et
1368 3058 1400 3125 0
1418 3060 1463 3133 Β;

160 3168 199 3253 (“)
215 3181 309 3231 erunt
334 3167 512 3230 velocitates
536 3163 647 3248 primae
671 3174 702 3225 et
728 3183 819 3223 arcus
845 3160 948 3244 primo
972 3158 1120 3243 descripti
1143 3162 1175 3223 in
1198 3162 1307 3227 eidem
1331 3165 1462 3233 ratione.

161 3274 268 3339 Sunto
284 3295 374 3337 arcus
391 3272 435 3336 illi
453 3272 481 3335 B
497 3270 541 3348 D,
558 3283 589 3333 et
607 3270 635 3333 B
650 3268 684 3344 d,
701 3290 792 3330 arcus
808 3266 919 3351 reliqui
937 3266 965 3330 C
980 3265 1024 3344 D,
1043 3265 1075 3331 0
1089 3267 1112 3331 d
1126 3282 1219 3332 erunt
1238 3270 1270 3333 in
1291 3270 1401 3334 eidem
1416 3295 1465 3335 ra-

160 3383 257 3448 tione.
305 3383 444 3448 Proinde
459 3382 550 3457 vires,
575 3379 650 3462 ipsis
667 3378 695 3442 C
711 3377 755 3455 D,
774 3376 805 3441 Ο
821 3376 843 3440 d
857 3376 1107 3461 proportionales
1121 3378 1294 3443 manebunt
1307 3381 1339 3443 in
1355 3381 1464 3445 eisdem

161 3490 286 3554 ratione
301 3512 337 3553 ac
353 3489 412 3553 sub
428 3489 527 3563 initio,
540 3499 573 3550 et
587 3498 754 3570 propterea
768 3505 901 3568 corpora
915 3496 1049 3570 pergent
1063 3506 1154 3548 arcus
1169 3485 1201 3547 in
1224 3486 1333 3550 eadem
1345 3489 1465 3552 ratione

161 3598 257 3662 simul
285 3597 471 3661 describere.
519 3595 622 3682 Igitur
644 3594 726 3657 vires
749 3607 780 3657 et
803 3592 980 3657 velocitates
1004 3605 1035 3656 et
1049 3616 1140 3657 arcus
1163 3595 1274 3682 reliqui
1291 3596 1319 3660 C
1335 3596 1378 3673 D,
1396 3597 1428 3662 Ο
1443 3598 1465 3661 d

164 3726 289 3788 semper
315 3716 408 3767 erunt
433 3716 469 3766 ut
494 3724 585 3765 arcus
610 3701 668 3764 toti
695 3700 778 3777 CB,
807 3698 894 3776 OB,
920 3713 951 3762 et
975 3713 1145 3784 propterea
1167 3724 1257 3765 arcus
1281 3703 1326 3766 illi
1353 3704 1466 3789 reliqui

163 3811 203 3896 (⁸)
219 3809 313 3873 simul
328 3809 555 3873 describentur.
603 3807 711 3883 Quare
727 3828 860 3890 corpora
875 3805 938 3869 duo
954 3805 999 3882 D,
1012 3806 1034 3869 d
1045 3808 1136 3871 simul
1147 3809 1331 3893 pervenient
1344 3811 1384 3874 ad
1397 3811 1466 3875 loca

164 3916 193 3981 C
208 3929 241 3980 et
256 3914 297 3993 O,
314 3916 448 3981 alterum
463 3917 591 4003 quidem
606 3916 639 3979 in
654 3917 759 3980 medio
775 3939 839 3980 non
855 3917 1016 3981 resistente
1039 3918 1078 3981 ad
1100 3918 1205 3984 locum
1222 3921 1260 3998 C,
1286 3934 1318 3985 et
1333 3922 1466 3986 alterum

162 4024 197 4089 in
211 4023 317 4088 medio
332 4026 494 4089 resistente
509 4025 550 4088 ad
565 4024 669 4088 locum
687 4024 729 4089 Ο.
776 4023 858 4088 Cum
882 4037 987 4088 autem
1009 4024 1187 4091 velocitates
1210 4028 1243 4090 in
1267 4028 1342 4092 Cet
1358 4029 1389 4094 Ο
1405 4031 1468 4093 sint

163 4143 201 4196 ut
214 4153 306 4194 arcus
324 4132 352 4196 C
369 4131 408 4208 B,
427 4131 458 4196 Ο
475 4132 523 4208 Β;
547 4143 640 4195 erunt
662 4153 764 4208 arcus,
790 4153 869 4217 quos
891 4129 1024 4216 corpora
1046 4132 1176 4197 ulterius
1190 4134 1352 4222 pergendo
1374 4137 1467 4201 simul

163 4237 356 4315 describunt,
374 4239 409 4324 (e)
426 4239 459 4301 in
473 4239 584 4303 eidem
601 4239 731 4302 ratione.
778 4239 879 4302 Sunto
893 4237 939 4301 illi
956 4238 984 4304 C
1000 4239 1030 4304 E
1044 4252 1077 4304 et
1092 4239 1124 4305 0
1138 4264 1165 4305 e.
1204 4242 1261 4306 Vis
1277 4244 1338 4329 quai
1354 4267 1468 4332 corpus
1523 4298 1528 4310 .

198 4410 235 4473 (Ι)
253 4414 285 4461 Ut
292 4413 411 4473 longitudo
418 4429 496 4468 arcta,
507 4413 548 4459 &c
571 4412 618 4458 Per
628 4411 806 4459 demonstratio-
838 4427 880 4473 per
892 4413 912 4460 C
927 4411 989 4460 Batl
1003 4413 1026 4461 0
1041 4415 1071 4470 B,
1083 4424 1110 4461 ut
1123 4414 1143 4462 C
1157 4415 1182 4462 D
1193 4415 1223 4463 ed
1236 4416 1259 4464 0
1271 4416 1301 4476 ἀς
1319 4431 1469 4467 evanescente

165 4491 222 4526 aaa
238 4476 309 4536 Prop.
324 4476 370 4523 1.1.
384 4485 409 4522 et
421 4477 475 4523 Cor.
491 4483 512 4522 9.
531 4477 601 4536 Prop.
617 4475 679 4523 Lll.
696 4475 750 4523 Lib.
767 4477 787 4523 l.
838 4492 894 4525 arcu
907 4476 931 4524 0
942 4477 966 4534 d,
978 4488 1098 4525 evanescet
1108 4480 1178 4526 edam
1189 4496 1258 4528 arcus
1270 4482 1291 4529 C
1302 4482 1334 4539 D,
1346 4498 1387 4531 seu
1395 4499 1469 4544 punc·
1481 4489 1487 4520 '¹

199 4540 234 4605 (Ἴ
247 4543 261 4571 0
274 4543 492 4589 Emntoelocitater
501 4544 592 4601 prima,
606 4541 648 4586 &c
670 4540 742 4597 Nam,
749 4539 805 4588 dato
838 4550 888 4588 tum
901 4540 983 4588 dcam
996 4543 1028 4599 0,
1043 4554 1067 4591 et
1079 4544 1104 4591 D
1115 4559 1170 4590 cum
1183 4546 1202 4592 C
1214 4546 1285 4592 simul
1295 4547 1434 4595 coincident.

164 4604 278 4666 temporis
296 4615 424 4661 momento,
448 4605 584 4678 velocitates¹
596 4605 683 4666 genite
700 4615 756 4652 aunt
773 4615 800 4652 ut
871 4606 904 4670 (ι)
917 4610 930 4637 '
943 4609 975 4654 In
984 4605 1064 4655 elidem
1074 4611 1169 4656 rotrone.
1209 4610 1270 4657 Sunt
1286 4612 1349 4658 enim
1362 4613 1469 4660 velocita-

164 4671 227 4717 τινα
247 4673 298 4733 (18.
321 4668 374 4716 Lib.
391 4669 426 4729 1.)
436 4679 468 4744 'et
483 4679 509 4715 ut
526 4679 600 4729 spaua
621 4668 737 4731 descripta
755 4673 808 4734 (per
839 4680 880 4724 tes.
898 4680 926 4745 ut
936 4672 1011 4746 spatia
1021 4671 1077 4747 datq
1086 4675 1196 4733 temporis
1211 4687 1332 4723 momento
1347 4676 1468 4737 descripta.

169 4733 226 4783 cur.
240 4739 265 4781 4.
278 4732 347 4781 Ima.
363 4734 466 4781 x.1.1a
484 4733 521 4793 l.)
839 4744 887 4782 tam
904 4749 929 4781 ut
945 4735 1024 4783 medio
1034 4747 1153 4784 residente
1162 4753 1234 4802 quam
1245 4739 1270 4787 in
1281 4741 1418 4790 medionon
1433 4755 1468 4788 ra·

198 4795 233 4864 (⁸)
246 4801 260 4829 ·
272 4800 352 4847 Simul
361 4800 526 4847 domamur.
554 4796 619 4854 Quia
628 4797 692 4846 enin
703 4808 805 4848 utum·
838 4799 933 4848 sistente
945 4800 1009 4864 (ιι.)
