3202 5446
134 407 248 472 Lissa
265 403 427 484 Prinos]
473 401 711 470 PRINCIPIA
734 398 1104 489 MATHEMATICA.
1290 409 1295 421 ’
1347 406 1390 469 88

134 582 258 647 dientur
271 580 417 658 velocius,
433 580 527 665 inque
541 579 737 667 quadraturis
752 581 815 645 suis
830 580 948 645 tardius
969 580 1117 645 recedent
1139 601 1196 665 per
1218 581 1281 645 vim
1303 581 1417 649 additi.

135 691 207 753 tiam
225 689 252 753 L
269 688 318 752 M.
362 688 416 752 Ob
430 686 664 752 diuturnitatem
679 687 753 753 verti
768 689 925 772 temporis,
942 710 1004 773 quo
1017 688 1160 753 velocitas
1171 710 1352 778 progressus
1362 689 1410 757 vel

134 797 261 862 tarditas
276 820 434 886 regressus
448 800 656 877 continuatur,
673 801 710 865 fit
724 800 793 864 haec
807 801 999 889 inaequalitas
1013 799 1107 887 longe
1122 803 1267 868 maxima.

178 906 278 970 corut.
294 914 324 971 9.
350 906 383 969 Si
398 927 511 990 corpus
526 905 662 992 aliquod,
679 907 709 969 vi
725 906 882 991 reciproce
896 907 1121 992 proportionali
1135 908 1288 995 quadrato
1301 911 1416 975 disten·

134 1015 185 1078 tiae
209 1035 275 1076 suae
290 1035 310 1076 a
323 1026 431 1077 centro
453 1014 663 1078 revolveretur
685 1015 766 1078 circa
787 1014 847 1078 hoc
869 1029 1008 1080 centrum
1028 1016 1061 1079 in
1081 1016 1201 1101 ellipsi3
1227 1030 1259 1084 et
1279 1041 1364 1097 mox,
1385 1019 1417 1083 in

135 1123 285 1187 descensu
300 1121 339 1184 ab
355 1120 462 1206 apside
477 1121 597 1185 summi
609 1145 664 1186 seu
679 1144 759 1210 auge
774 1120 814 1186 ad
829 1122 969 1206 apsidem
983 1124 1097 1202 imam3
1119 1125 1166 1188 vis
1181 1124 1234 1189 illa
1248 1147 1305 1211 per
1318 1148 1415 1191 acces·

135 1254 203 1296 sum
219 1244 405 1316 perpetuum
420 1233 466 1296 vis
481 1253 571 1295 novoe
585 1246 752 1319 augeretur
766 1232 799 1295 in
813 1231 933 1296 ratione
946 1232 1111 1319 plusquam
1126 1233 1282 1318 duplicati
1304 1236 1419 1300 distan-

136 1341 185 1405 tiae
199 1340 380 1405 diminutes:
403 1341 599 1406 manifestum
615 1354 663 1405 est
683 1340 768 1427 quod
791 1363 914 1427 corpus,
938 1342 1091 1428 perpetuo
1116 1366 1242 1410 accessu
1266 1345 1312 1410 vis
1337 1344 1419 1410 illius

137 2276 168 2323 sis
177 2276 204 2322 is
215 2274 293 2335 apside
302 2269 394 2320 tantmli
405 2273 436 2318 ud
446 2268 658 2332 aiminupst'det'md
667 2267 762 2318 marini
792 2266 938 2330 gredittutut,
949 2280 1043 2328 corpore
1055 2264 1077 2314 P
1087 2267 1111 2313 itt
1122 2265 1221 2330 syzygiis
1235 2267 1272 2316 vel
1289 2283 1361 2332 prope
1378 2285 1416 2334 sy.

136 2341 217 2386 recedit
228 2355 244 2384 a
255 2336 369 2397 duydicotti
386 2338 472 2384 rotiom
488 2339 648 2383 distantiarum
664 2331 761 2386 inmari,
794 2331 871 2395 sygits
889 2343 998 2379 versante.
1041 2332 1108 2380 Dum
1126 2347 1180 2380 tero
1197 2346 1280 2391 corpus
1299 2333 1320 2380 P
1338 2344 1373 2382 eat
1390 2337 1415 2384 in

135 2399 206 2463 patro
216 2400 275 2447 dum
287 2400 348 2446 lines
358 2399 463 2459 apsidum
475 2416 515 2447 seu
527 2399 600 2461 major
611 2398 660 2444 attis
670 2397 760 2458 ellipse·
791 2395 936 2455 quadraturis
949 2397 976 2444 C.
992 2396 1023 2452 D,
1035 2393 1062 2443 flt
1069 2395 1103 2441 vis
1113 2396 1134 2443 L
1145 2397 1172 2443 M
1181 2414 1216 2441 =
1226 2396 1284 2453 CT,
1296 2398 1331 2444 vel
1342 2398 1367 2445 D
1377 2400 1414 2458 T;

134 2481 162 2513 as
174 2465 197 2514 B
209 2465 232 2512 C
246 2467 267 2511 A
283 2465 315 2519 D,
326 2466 394 2527 cujtts
405 2463 528 2511 umbilicus
538 2474 573 2509 est
584 2462 613 2515 T,
628 2462 653 2507 in
665 2463 762 2524 syzygiis
795 2459 839 2506 Est
849 2470 926 2506 sutem
938 2475 966 2506 er
977 2459 1059 2508 staturi
1075 2458 1188 2519 ellipseoe,
1199 2475 1291 2508 summa
1302 2460 1415 2510 linearum

137 2533 169 2585 A,
185 2529 329 2583 Bversatur,
347 2528 405 2573 ratio
416 2528 450 2572 vis
460 2528 531 2573 totius
541 2525 642 2586 corporis
655 2526 675 2573 P
688 2527 710 2571 in
722 2544 762 2581 ny..
796 2523 816 2571 C
830 2524 858 2578 T,
873 2525 897 2571 D
910 2523 938 2575 T,
950 2525 1055 2570 omnium
1067 2524 1178 2581 mintms;
1195 2523 1267 2585 quare
1283 2526 1307 2571 ln
1325 2526 1415 2590 integr-A

134 2593 185 2641 side
196 2592 289 2640 summi
301 2590 367 2651 positi
379 2590 409 2638 ad
418 2592 463 2636 vitn
475 2592 525 2653 ejus
535 2591 558 2636 in
570 2589 648 2649 apside
659 2589 705 2636 itnti
712 2604 763 2636 ter.
794 2587 894 2648 corporis
906 2587 927 2634 P
937 2587 1087 2643 revolutione,
1095 2586 1184 2648 apsides
1191 2587 1278 2635 viribus
1288 2589 1308 2637 C
1317 2589 1347 2644 T,
1360 2591 1382 2638 l)
1392 2590 1414 2640 T

134 2657 215 2714 tantia,
226 2656 303 2717 tnagis
313 2655 398 2702 recedit
408 2672 422 2701 tt
432 2655 548 2717 duplicati
560 2655 648 2700 ratione
658 2652 762 2701 distanti.
795 2649 924 2698 tardissime
934 2651 1096 2713 regrediuntur
1113 2666 1137 2697 tn
1153 2651 1297 2713 quadraturis
1314 2656 1416 2715 eorporis

134 2736 202 2770 armat
212 2718 304 2767 inversi
314 2733 383 2781 quarn
393 2719 418 2765 in
429 2719 475 2765 alio
486 2719 566 2780 quovis
576 2717 643 2765 tinea
656 2717 762 2778 apsidum
796 2713 824 2770 P,
841 2724 865 2762 et
875 2714 992 2762 celerrime
1002 2713 1181 2777 progrediuntur
1191 2715 1215 2760 in
1227 2715 1299 2776 ipsius
1309 2719 1414 2780 syzygiis,

134 2786 190 2834 titas.
224 2785 262 2832 sit
272 2784 334 2830 enirn
349 2784 440 2844 Bapsis
451 2799 549 2839 summa,
564 2783 585 2828 A
598 2782 658 2842 apsis
668 2783 722 2840 ima,
739 2794 763 2832 et
793 2787 862 2840 atque
873 2776 931 2826 adesi
941 2793 1047 2825 excessus
1059 2793 1191 2841 progressus
1201 2795 1270 2840 supra
1285 2796 1414 2844 regressum

134 2852 178 2898 trit
199 2848 223 2896 T
242 2848 262 2894 B
281 2846 388 2894 distantia
403 2847 511 2901 maxima,
530 2848 552 2894 A
571 2847 594 2892 Τ
608 2845 705 2892 minima
722 2851 762 2911 (ea
793 2852 836 2889 ent
848 2843 925 2888 inhoc
936 2857 990 2888 casu
1001 2843 1106 2888 omniurn
1117 2843 1239 2899 maximus,
1256 2845 1415 2906 etapsidesin

134 2912 222 2961 asturi
232 2911 359 2971 ellipaeual
395 2910 464 2958 Unde
476 2925 570 2971 corpora
585 2909 639 2956 Pin
650 2912 761 2974 conjunc„
792 2905 882 2968 integral
898 2905 998 2965 corporis
1011 2905 1031 2952 P
1042 2905 1185 2953 revolutione
1200 2907 1319 2955 celerrime
1336 2925 1414 2958 move.

134 2978 200 3026 tione
214 2977 235 3023 A
249 2986 352 3022 versante
363 2974 404 3021 erit
416 2973 560 3021 susbtantia
573 2974 597 3020 K
611 2973 632 3019 L
649 2978 701 3037 (seu
717 2974 762 3022 dit·
793 2971 879 3016 buntur
890 2970 915 3015 in
926 2971 1095 3031 consequentia.
1129 2970 1168 3017 Ob
1183 2973 1307 3019 contrarias
1322 2989 1414 3034 prorsus

134 3039 233 3089 hatis
243 3038 327 3085 vitium
339 3038 526 3087 acceleratrlcum
543 3053 664 3097 corpomm
677 3038 730 3086 Tet
740 3040 761 3087 P
793 3048 881 3089 causas,
893 3034 911 3078 si
922 3032 983 3079 linea
993 3033 1099 3093 apsidum
1110 3033 1133 3079 in
1145 3031 1290 3095 quadraturis
1296 3039 1370 3096 posita
1376 3038 1412 3094 sit,

134 3120 215 3154 sersus
227 3104 256 3160 S)
274 3105 379 3149 omnium
390 3103 493 3155 minima,
511 3117 534 3149 et
544 3117 639 3161 corpore
652 3101 672 3148 P
683 3103 707 3148 in
718 3118 760 3164 op-
792 3097 881 3157 apsides
898 3095 1038 3143 velocissime
1056 3096 1220 3160 regredientur,
1240 3114 1333 3160 corpore
1351 3102 1372 3149 P
1387 3103 1413 3149 itt

134 3169 251 3228 uddone
274 3167 294 3213 B
312 3177 420 3223 versante,
438 3168 482 3213 erit
497 3165 626 3212 differentia
642 3165 681 3212 ills
700 3162 760 3215 KL
791 3161 936 3223 qussrtfflrlt
948 3171 1056 3215 lemme,
1069 3171 1091 3208 tt
1102 3161 1228 3209 ttrdlssimi
1238 3164 1414 3225 progredientur

134 3235 242 3279 narnium
262 3231 371 3277 maxima.
419 3231 481 3277 Cum
498 3242 575 3276 autem
593 3231 623 3277 ob
642 3229 759 3290 ingentem
791 3240 885 3285 corpore
898 3225 952 3272 Pin
963 3224 1060 3286 syzygiis
1071 3225 1186 3275 existente
1197 3228 1414 3292 eterhicutrtiqua

134 3297 237 3358 arpotis
254 3295 272 3341 S
287 3294 418 3342 distantiam
436 3297 474 3356 (er
489 3293 568 3354 Hyp.)
584 3293 614 3341 sit
632 3291 680 3341 lete
700 3294 724 3341 li
738 3295 760 3342 1,
791 3288 859 3335 musti
871 3289 919 3336 lieri
930 3292 1013 3349 poterit
1022 3301 1048 3336 ut
1056 3289 1080 3335 in
1089 3289 1178 3351 integri
1185 3291 1286 3350 corporis
1297 3293 1413 3341 Pcircum

134 3359 166 3408 ΙΙ
180 3359 219 3407 kt
236 3368 264 3406 ut
278 3360 299 3404 A
313 3359 336 3405 T
345 3358 376 3405 ad
389 3359 411 3406 Τ
425 3359 445 3405 Β
458 3359 527 3422 (501)
544 3357 603 3404 ratio
612 3358 647 3403 vis
660 3358 760 3418 corporis
793 3353 815 3402 T
826 3353 973 3407 revolutione,
986 3368 1103 3414 regressus
1112 3353 1218 3413 apsidum
1228 3365 1319 3415 superat
1330 3372 1412 3404 eorum

134 3423 158 3471 P
167 3424 194 3471 iat
207 3425 231 3472 A
243 3423 355 3469 sumatis
364 3421 394 3470 ad
410 3422 456 3468 vitu
475 3422 538 3469 illius
555 3421 580 3467 in
595 3423 615 3469 B
626 3421 701 3482 positi,
719 3438 759 3470 er·
791 3431 945 3491 progressum,
957 3415 1098 3492 proindeque
1109 3427 1136 3463 ut
1145 3417 1235 3493 apsides
1242 3419 1267 3465 itt
1275 3420 1412 3497 armeman-

134 3524 252 3585 „aaa
267 3525 352 3586 uere
370 3538 412 3586 te
426 3524 539 3574 neonem
557 3487 643 3613 -Δ-ζπ
659 3550 691 3563 -
705 3539 720 3572 0
732 3533 757 3584 x
790 3480 1412 3609 iiiialii‘liiifflffitifflllss

287 3630 303 3677 b
790 3608 836 3671 giis
853 3608 953 3669 corporis
973 3608 994 3655 P
1015 3607 1105 3656 inducit
1123 3618 1160 3656 est
1180 3610 1249 3672 (500)
1272 3610 1321 3657 iere
1339 3611 1412 3673 duplo

137 3665 164 3712 A
174 3666 204 3725 T,
214 3668 243 3716 ad
253 3697 332 3757 W
345 3683 401 3715 -c
413 3674 438 3725 Χ
453 3668 476 3715 Τ
488 3669 518 3725 Β,
540 3667 571 3731 (si
590 3668 649 3715 ratio
665 3669 682 3714 b
698 3667 727 3715 ad
746 3683 759 3716 c
790 3673 864 3735 major
874 3673 895 3718 vi
906 3671 1020 3734 adjectitiis
1032 3671 1054 3718 L
1067 3673 1094 3719 ld
1106 3689 1159 3735 que
1170 3673 1411 3736 apsidumtegressum

789 3737 814 3782 in
825 3735 970 3798 quadraturis
980 3735 1080 3796 corporis
1093 3737 1113 3784 P
1123 3737 1237 3798 producit,
1253 3753 1346 3785 erceasu
1357 3754 1411 3799 pro-

790 3799 881 3862 gressus
892 3798 961 3861 supri
971 3815 1108 3862 regressum,
1127 3800 1216 3860 apsides
1233 3802 1412 3864 progrediuntur

788 3867 813 3910 iu
824 3863 912 3927 integri
923 3864 959 3910 sui
971 3865 1113 3911 revolutione
1124 3864 1211 3912 tirsum
1223 3866 1253 3919 T,
1270 3867 1313 3912 boc
1323 3875 1365 3923 eat,
1382 3881 1412 3915 eo

138 3771 246 3830 “niteat
257 3777 369 3820 rationem
381 3770 416 3818 tis
426 3771 536 3819 absolutae
550 3771 660 3818 trahentis
675 3787 758 3832 corpus

145 3827 246 3885 ΡΜ
257 3837 287 3894 Τ,
300 3837 329 3884 sd
341 3838 387 3882 vim
398 3837 526 3883 absolutam
543 3835 668 3882 ablatitiam
685 3835 710 3882 K
723 3835 756 3893 L)

144 3906 182 3943 tea
190 3900 319 3948 reductione
331 3901 360 3947 ad
371 3901 470 3947 eundem
482 3899 756 3973 denomimtotetn-fpcti,
788 3937 891 3988 ,empore
907 3942 954 3989 quo
967 3927 1056 3987 wida
1066 3943 1095 3975 e,
1107 3929 1193 3978 ‘pm
1204 3944 1284 3976 omn„
1294 3945 1349 3976 cum
1359 3945 1410 3977 ω’.

149 3981 182 4028 F'
195 3977 468 4050 “QJ-BLX
489 3980 569 4025 b=⁰
583 3985 607 4035 Χ
623 3981 645 4024 Λ
660 3979 682 4024 Τ
693 3980 711 4034 ³·
728 3978 757 4026 “l
788 4007 844 4052 pote
856 3995 879 4047 ἃ
891 4001 996 4052 aspectus
1005 3994 1119 4049 subeunt;
1136 4003 1235 4054 augetur
1244 3991 1411 4056 vertiprogrea·

155 4046 220 4099 AT²
231 4063 255 4111 χ
269 4060 326 4102 ls-
338 4071 351 4100 c
364 4056 386 4100 's
400 4054 420 4100 B
432 4057 450 4109 ³,
466 4068 518 4114 quae
530 4055 587 4100 tatio
598 4052 626 4100 eti
636 4053 711 4114 tnagis
722 4069 756 4100 re-
788 4072 829 4102 sua
839 4055 885 4111 ille,
896 4057 914 4101 si
925 4070 1020 4116 corpora
1034 4057 1088 4103 Pet
1100 4057 1149 4103 Sin
1160 4057 1208 4102 suis
1218 4057 1297 4103 orbitis
1307 4057 1411 4106 serantur

152 4113 221 4164 'dita
236 4121 323 4167 noane
342 4119 363 4165 T
377 4117 462 4165 B²ad
478 4120 497 4163 A
512 4119 564 4175 T¹,
581 4134 622 4166 seu
639 4116 756 4176 duplicati
789 4120 812 4165 in
824 4119 920 4166 eandem
931 4119 1040 4181 plagam,
1058 4120 1088 4167 In
1099 4120 1142 4167 hic
1152 4121 1213 4166 enim
1225 4121 1353 4180 hypothesi,
1370 4138 1411 4184 ap-

153 4169 293 4229 fiatttiaruru
306 4182 401 4237 interea
413 4198 460 4244 quo
470 4183 545 4243 magis
556 4182 614 4228 ratio
624 4182 758 4243 quantitatis
788 4184 848 4230 sides
858 4183 946 4230 diutius
956 4185 1044 4231 haetent
1055 4185 1079 4228 in
1090 4184 1188 4246 syzygiis
1198 4199 1268 4244 quam
1279 4184 1303 4229 in
1311 4186 1410 4247 quadra·

155 4232 252 4303 ⁸-cx
271 4246 663 4307 AT³,adquantitstetnb-c><
677 4248 757 4303 'l'B³,
789 4249 853 4298 turis,
866 4247 1412 4311 quiainsyzygiisprogrediunturcttmcorpora

156 4307 242 4356 mse·
252 4312 341 4358 ratione
352 4311 494 4364 aoualitatis,
511 4325 552 4355 seu
571 4326 618 4372 quo
633 4311 710 4357 minor
725 4320 759 4358 est
792 4313 816 4364 S,
829 4321 899 4373 atque
909 4310 967 4357 atleti
978 4312 1066 4358 diutius
1076 4311 1134 4358 illud
1146 4311 1209 4372 quasi
1221 4311 1367 4370 comitantur,
1385 4314 1409 4364 ia

157 4364 307 4434 *inspersu
323 4376 346 4422 T
360 4375 389 4428 B,
408 4373 479 4435 quare
495 4372 553 4420 dum
572 4376 633 4421 linea
652 4375 758 4435 apsidum
790 4374 934 4437 quadraturis
944 4373 998 4422 verti
1008 4375 1113 4422 feruntur
1124 4375 1147 4420 in
1158 4374 1316 4423 antecedentia
1326 4388 1349 4425 et
1359 4393 1412 4426 cor·

154 4432 310 4502 Uissyaygiis
327 4439 358 4494 A,
375 4439 402 4485 B.
422 4440 480 4485 ratio
498 4439 531 4483 vis
549 4440 620 4484 totius
638 4437 663 4483 in
678 4438 756 4497 apside
788 4439 849 4499 poris
869 4440 886 4486 S
907 4439 931 4484 in
952 4439 1115 4500 consequentia
1135 4437 1272 4485 revolventis
1292 4452 1410 4502 sapsam

155 4500 261 4549 mad
273 4505 320 4548 sim
332 4505 356 4548 itt
367 4501 447 4561 apside
464 4502 510 4547 itnt't
526 4502 626 4548 maxime
640 4502 727 4548 recedit
743 4520 757 4549 a
788 4503 926 4613 quadratum
937 4503 1009 4550 veluti
1026 4503 1135 4564 lugiunt5
1151 4501 1215 4549 unde
1233 4502 1260 4550 fis
1277 4516 1304 4551 ut
1321 4504 1410 4566 apsides

154 4560 221 4612 *he
230 4566 345 4626 duplicati
357 4565 516 4613 distantiarum
533 4566 630 4612 inversi.
667 4567 696 4613 ln
713 4568 757 4613 ltoc
805 4567 877 4612 iutius
888 4566 1062 4628 progrediantur
1072 4566 1096 4612 itt
1112 4565 1210 4628 syzygiis
1225 4567 1274 4616 suis
1288 4585 1359 4633 quam
1374 4585 1408 4617 re·

153 4613 279 4684 baum
290 4631 399 4693 apuu„
410 4632 457 4678 uu
467 4629 557 4691 aaran
569 4629 687 4678 nimime
703 4645 755 4691 pra
788 4630 926 4692 munta
935 4631 961 4676 u
972 4631 1019 4677 tua
1029 4629 1181 4694 umatus
