<?xml version="1.0" encoding="UTF-8"?>
<!DOCTYPE html PUBLIC "-//W3C//DTD XHTML 1.0 Transitional//EN"
    "http://www.w3.org/TR/xhtml1/DTD/xhtml1-transitional.dtd">
<html xmlns="http://www.w3.org/1999/xhtml" xml:lang="en" lang="en">
 <head>
  <title>
</title>
<meta http-equiv="Content-Type" content="text/html;charset=utf-8" />
  <meta name='ocr-system' content='tesseract 3.04.00' />
  <meta name='ocr-capabilities' content='ocr_page ocr_carea ocr_par ocr_line ocrx_word'/>
</head>
<body>
  <div class='ocr_page' id='page_1' title='image "./philosophiaenat00newtgoog_0097.png"; bbox 0 0 3202 5446; ppageno 0'>
   <div class='ocr_carea' id='block_1_1' title="bbox 87 433 1385 521">
    <p class='ocr_par' dir='ltr' id='par_1_1' title="bbox 87 433 1385 521">
     <span class='ocr_line' id='line_1_1' title="bbox 87 433 1385 521; baseline 0.005 -23"><span class='ocrx_word' id='word_1_1' title='bbox 87 433 383 521; x_wconf 78' lang='lat' dir='ltr'>l.raanPa1ssus.]</span> <span class='ocrx_word' id='word_1_2' title='bbox 472 438 713 504; x_wconf 81' lang='lat' dir='ltr'>PRINCIPIA</span> <span class='ocrx_word' id='word_1_3' title='bbox 741 438 1114 505; x_wconf 83' lang='lat' dir='ltr'><strong>MATHEMATICA.</strong></span> <span class='ocrx_word' id='word_1_4' title='bbox 1344 440 1385 494; x_wconf 77' lang='lat'>⁶9</span> 
     </span>
    </p>
   </div>
   <div class='ocr_carea' id='block_1_2' title="bbox 83 612 1431 3742">
    <p class='ocr_par' dir='ltr' id='par_1_2' title="bbox 83 612 1431 1665">
     <span class='ocr_line' id='line_1_2' title="bbox 90 612 1382 700; baseline 0.002 -24"><span class='ocrx_word' id='word_1_5' title='bbox 90 612 122 676; x_wconf 85' lang='lat' dir='ltr'>ad</span> <span class='ocrx_word' id='word_1_6' title='bbox 137 615 265 677; x_wconf 88' lang='lat' dir='ltr'>ultimas</span> <span class='ocrx_word' id='word_1_7' title='bbox 280 613 486 700; x_wconf 82' lang='lat' dir='ltr'><strong>quantitatum</strong></span> <span class='ocrx_word' id='word_1_8' title='bbox 501 614 748 676; x_wconf 82' lang='lat' dir='ltr'>evanescentium</span> <span class='ocrx_word' id='word_1_9' title='bbox 763 636 897 676; x_wconf 89' lang='lat' dir='ltr'>summas</span> <span class='ocrx_word' id='word_1_10' title='bbox 912 625 944 676; x_wconf 91' lang='lat' dir='ltr'>et</span> <span class='ocrx_word' id='word_1_11' title='bbox 957 614 1100 691; x_wconf 87' lang='lat' dir='ltr'>rationes,</span> <span class='ocrx_word' id='word_1_12' title='bbox 1124 615 1301 700; x_wconf 86' lang='lat' dir='ltr'>primasque</span> <span class='ocrx_word' id='word_1_13' title='bbox 1322 629 1382 678; x_wconf 71' lang='lat' dir='ltr'>‘na-</span> 
     </span>
     <span class='ocr_line' id='line_1_3' title="bbox 91 719 1381 805; baseline -0.001 -20"><span class='ocrx_word' id='word_1_14' title='bbox 91 723 246 799; x_wconf 86' lang='lat' dir='ltr'>scentium,</span> <span class='ocrx_word' id='word_1_15' title='bbox 271 721 305 783; x_wconf 91' lang='lat' dir='ltr'>id</span> <span class='ocrx_word' id='word_1_16' title='bbox 335 733 389 797; x_wconf 88' lang='lat' dir='ltr'>est,</span> <span class='ocrx_word' id='word_1_17' title='bbox 413 719 454 783; x_wconf 90' lang='lat' dir='ltr'>ad</span> <span class='ocrx_word' id='word_1_18' title='bbox 483 719 594 783; x_wconf 88' lang='lat' dir='ltr'>limites</span> <span class='ocrx_word' id='word_1_19' title='bbox 610 720 664 805; x_wconf 87' lang='lat'>(⁰)</span> <span class='ocrx_word' id='word_1_20' title='bbox 688 742 876 784; x_wconf 88' lang='lat' dir='ltr'>summarum</span> <span class='ocrx_word' id='word_1_21' title='bbox 908 735 939 783; x_wconf 89' lang='lat' dir='ltr'>et</span> <span class='ocrx_word' id='word_1_22' title='bbox 967 721 1123 783; x_wconf 89' lang='lat' dir='ltr'>rationum</span> <span class='ocrx_word' id='word_1_23' title='bbox 1152 719 1322 800; x_wconf 89' lang='lat' dir='ltr'>deducere;</span> <span class='ocrx_word' id='word_1_24' title='bbox 1351 735 1381 784; x_wconf 88' lang='lat' dir='ltr'>et</span> 
     </span>
     <span class='ocr_line' id='line_1_4' title="bbox 87 827 1380 915; baseline 0.001 -23"><span class='ocrx_word' id='word_1_25' title='bbox 87 844 249 915; x_wconf 89' lang='lat' dir='ltr'>propterea</span> <span class='ocrx_word' id='word_1_26' title='bbox 263 829 398 891; x_wconf 91' lang='lat' dir='ltr'>limitum</span> <span class='ocrx_word' id='word_1_27' title='bbox 413 828 537 889; x_wconf 91' lang='lat' dir='ltr'>illorum</span> <span class='ocrx_word' id='word_1_28' title='bbox 549 827 825 891; x_wconf 81' lang='lat' dir='ltr'>demonstrationes</span> <span class='ocrx_word' id='word_1_29' title='bbox 841 827 900 913; x_wconf 79' lang='lat' dir='ltr'>qui</span> <span class='ocrx_word' id='word_1_30' title='bbox 915 828 1003 911; x_wconf 90' lang='lat' dir='ltr'>potui</span> <span class='ocrx_word' id='word_1_31' title='bbox 1017 827 1167 891; x_wconf 86' lang='lat' dir='ltr'>brevitate</span> <span class='ocrx_word' id='word_1_32' title='bbox 1180 830 1380 913; x_wconf 69' lang='lat' dir='ltr'>praemittere.</span> 
     </span>
     <span class='ocr_line' id='line_1_5' title="bbox 88 933 1380 1020; baseline -0.002 -19"><span class='ocrx_word' id='word_1_33' title='bbox 88 939 141 1002; x_wconf 92' lang='lat' dir='ltr'>His</span> <span class='ocrx_word' id='word_1_34' title='bbox 157 936 342 1001; x_wconf 89' lang='lat' dir='ltr'>enimidem</span> <span class='ocrx_word' id='word_1_35' title='bbox 356 947 521 1019; x_wconf 79' lang='lat' dir='ltr'>praestatur</span> <span class='ocrx_word' id='word_1_36' title='bbox 544 934 630 1020; x_wconf 92' lang='lat' dir='ltr'>quod</span> <span class='ocrx_word' id='word_1_37' title='bbox 652 957 709 1019; x_wconf 91' lang='lat' dir='ltr'>per</span> <span class='ocrx_word' id='word_1_38' title='bbox 732 934 914 998; x_wconf 86' lang='lat' dir='ltr'>methodum</span> <span class='ocrx_word' id='word_1_39' title='bbox 938 933 1182 1012; x_wconf 82' lang='lat' dir='ltr'>indivisibilium3</span> <span class='ocrx_word' id='word_1_40' title='bbox 1205 948 1237 999; x_wconf 91' lang='lat' dir='ltr'>et</span> <span class='ocrx_word' id='word_1_41' title='bbox 1260 937 1380 1020; x_wconf 89' lang='lat' dir='ltr'>princi·</span> 
     </span>
     <span class='ocr_line' id='line_1_6' title="bbox 83 1039 1380 1130; baseline -0.002 -21"><span class='ocrx_word' id='word_1_42' title='bbox 83 1048 135 1130; x_wconf 82' lang='lat' dir='ltr'>piis</span> <span class='ocrx_word' id='word_1_43' title='bbox 162 1043 384 1108; x_wconf 88' lang='lat' dir='ltr'>demonstratis</span> <span class='ocrx_word' id='word_1_44' title='bbox 403 1044 470 1128; x_wconf 86' lang='lat' dir='ltr'>jam</span> <span class='ocrx_word' id='word_1_45' title='bbox 493 1039 588 1104; x_wconf 85' lang='lat' dir='ltr'>tutids</span> <span class='ocrx_word' id='word_1_46' title='bbox 604 1053 736 1106; x_wconf 90' lang='lat' dir='ltr'>utemur.</span> <span class='ocrx_word' id='word_1_47' title='bbox 782 1041 918 1105; x_wconf 86' lang='lat' dir='ltr'>Proinde</span> <span class='ocrx_word' id='word_1_48' title='bbox 933 1042 967 1104; x_wconf 90' lang='lat' dir='ltr'>in</span> <span class='ocrx_word' id='word_1_49' title='bbox 982 1042 1188 1128; x_wconf 88' lang='lat' dir='ltr'>sequentibus,</span> <span class='ocrx_word' id='word_1_50' title='bbox 1212 1042 1380 1129; x_wconf 85' lang='lat' dir='ltr'>siquando</span> 
     </span>
     <span class='ocr_line' id='line_1_7' title="bbox 85 1149 1379 1239; baseline -0.001 -23"><span class='ocrx_word' id='word_1_51' title='bbox 85 1154 268 1239; x_wconf 78' lang='lat' dir='ltr'>quantitates</span> <span class='ocrx_word' id='word_1_52' title='bbox 284 1164 431 1236; x_wconf 87' lang='lat' dir='ltr'>tanquam</span> <span class='ocrx_word' id='word_1_53' title='bbox 446 1172 487 1212; x_wconf 86' lang='lat' dir='ltr'>ex</span> <span class='ocrx_word' id='word_1_54' title='bbox 501 1149 659 1233; x_wconf 85' lang='lat' dir='ltr'>particulis</span> <span class='ocrx_word' id='word_1_55' title='bbox 671 1161 844 1212; x_wconf 88' lang='lat' dir='ltr'>constantes</span> <span class='ocrx_word' id='word_1_56' title='bbox 866 1149 1111 1227; x_wconf 87' lang='lat' dir='ltr'>consideravero,</span> <span class='ocrx_word' id='word_1_57' title='bbox 1134 1149 1183 1214; x_wconf 93' lang='lat' dir='ltr'>vel</span> <span class='ocrx_word' id='word_1_58' title='bbox 1198 1151 1223 1213; x_wconf 92' lang='lat' dir='ltr'>si</span> <span class='ocrx_word' id='word_1_59' title='bbox 1237 1173 1296 1236; x_wconf 92' lang='lat' dir='ltr'>pro</span> <span class='ocrx_word' id='word_1_60' title='bbox 1311 1173 1379 1215; x_wconf 88' lang='lat' dir='ltr'>rec·</span> 
     </span>
     <span class='ocr_line' id='line_1_8' title="bbox 85 1256 1380 1344; baseline -0.002 -20"><span class='ocrx_word' id='word_1_61' title='bbox 85 1261 117 1324; x_wconf 88' lang='lat' dir='ltr'>tis</span> <span class='ocrx_word' id='word_1_62' title='bbox 131 1280 328 1344; x_wconf 87' lang='lat' dir='ltr'>usurpavero</span> <span class='ocrx_word' id='word_1_63' title='bbox 341 1256 471 1320; x_wconf 90' lang='lat' dir='ltr'>lineolas</span> <span class='ocrx_word' id='word_1_64' title='bbox 492 1278 615 1332; x_wconf 85' lang='lat' dir='ltr'>curvas3</span> <span class='ocrx_word' id='word_1_65' title='bbox 638 1256 735 1319; x_wconf 91' lang='lat' dir='ltr'>nolim</span> <span class='ocrx_word' id='word_1_66' title='bbox 750 1256 957 1334; x_wconf 87' lang='lat' dir='ltr'>indivisibilia,</span> <span class='ocrx_word' id='word_1_67' title='bbox 980 1256 1035 1320; x_wconf 85' lang='lat' dir='ltr'>sed</span> <span class='ocrx_word' id='word_1_68' title='bbox 1049 1258 1261 1321; x_wconf 84' lang='lat' dir='ltr'>evanescentia</span> <span class='ocrx_word' id='word_1_69' title='bbox 1275 1257 1380 1321; x_wconf 89' lang='lat' dir='ltr'>divisi·</span> 
     </span>
     <span class='ocr_line' id='line_1_9' title="bbox 83 1362 1431 1449; baseline -0.003 -18"><span class='ocrx_word' id='word_1_70' title='bbox 83 1369 162 1446; x_wconf 89' lang='lat' dir='ltr'>bilia,</span> <span class='ocrx_word' id='word_1_71' title='bbox 186 1390 253 1430; x_wconf 95' lang='lat' dir='ltr'>non</span> <span class='ocrx_word' id='word_1_72' title='bbox 279 1387 415 1428; x_wconf 91' lang='lat' dir='ltr'>summas</span> <span class='ocrx_word' id='word_1_73' title='bbox 437 1376 470 1427; x_wconf 90' lang='lat' dir='ltr'>et</span> <span class='ocrx_word' id='word_1_74' title='bbox 493 1364 626 1426; x_wconf 88' lang='lat' dir='ltr'>rationes</span> <span class='ocrx_word' id='word_1_75' title='bbox 636 1364 771 1447; x_wconf 87' lang='lat' dir='ltr'>partium</span> <span class='ocrx_word' id='word_1_76' title='bbox 788 1363 844 1449; x_wconf 77' lang='lat' dir='ltr'>(P)</span> <span class='ocrx_word' id='word_1_77' title='bbox 867 1362 1151 1442; x_wconf 87' lang='lat' dir='ltr'>determinatarum,</span> <span class='ocrx_word' id='word_1_78' title='bbox 1174 1364 1229 1427; x_wconf 91' lang='lat' dir='ltr'>sed</span> <span class='ocrx_word' id='word_1_79' title='bbox 1243 1387 1378 1428; x_wconf 85' lang='lat' dir='ltr'>summa·</span> <span class='ocrx_word' id='word_1_80' title='bbox 1427 1376 1431 1381; x_wconf 84' lang='grc'><strong>’</strong></span> 
     </span>
     <span class='ocr_line' id='line_1_10' title="bbox 84 1469 1377 1558; baseline -0.002 -20"><span class='ocrx_word' id='word_1_81' title='bbox 84 1499 149 1539; x_wconf 87' lang='lat' dir='ltr'>rusn</span> <span class='ocrx_word' id='word_1_82' title='bbox 164 1486 196 1538; x_wconf 89' lang='lat' dir='ltr'>et</span> <span class='ocrx_word' id='word_1_83' title='bbox 211 1475 370 1536; x_wconf 88' lang='lat' dir='ltr'>rationum</span> <span class='ocrx_word' id='word_1_84' title='bbox 385 1471 498 1534; x_wconf 92' lang='lat' dir='ltr'>limites</span> <span class='ocrx_word' id='word_1_85' title='bbox 513 1492 635 1555; x_wconf 90' lang='lat' dir='ltr'>semper</span> <span class='ocrx_word' id='word_1_86' title='bbox 649 1470 779 1558; x_wconf 87' lang='lat' dir='ltr'>intelligi</span> <span class='ocrx_word' id='word_1_87' title='bbox 784 1494 793 1547; x_wconf 85' lang='lat'>3</span> <span class='ocrx_word' id='word_1_88' title='bbox 816 1470 940 1555; x_wconf 91' lang='lat' dir='ltr'>vimque</span> <span class='ocrx_word' id='word_1_89' title='bbox 955 1470 1064 1533; x_wconf 89' lang='lat' dir='ltr'>talium</span> <span class='ocrx_word' id='word_1_90' title='bbox 1078 1469 1377 1535; x_wconf 87' lang='lat' dir='ltr'>demonstrationum</span> 
     </span>
     <span class='ocr_line' id='line_1_11' title="bbox 84 1578 1077 1665; baseline -0.005 -18"><span class='ocrx_word' id='word_1_91' title='bbox 84 1584 120 1647; x_wconf 92' lang='lat' dir='ltr'>ad</span> <span class='ocrx_word' id='word_1_92' title='bbox 134 1582 320 1646; x_wconf 90' lang='lat' dir='ltr'>methodum</span> <span class='ocrx_word' id='word_1_93' title='bbox 335 1579 579 1665; x_wconf 70' lang='lat' dir='ltr'>praecedentium</span> <span class='ocrx_word' id='word_1_94' title='bbox 593 1578 774 1641; x_wconf 90' lang='lat' dir='ltr'>lemmatum</span> <span class='ocrx_word' id='word_1_95' title='bbox 788 1599 910 1661; x_wconf 80' lang='lat' dir='ltr'>semper·</span> <span class='ocrx_word' id='word_1_96' title='bbox 930 1578 1077 1642; x_wconf 89' lang='lat' dir='ltr'>revocari.</span> 
     </span>
    </p>

    <p class='ocr_par' dir='ltr' id='par_1_3' title="bbox 84 1683 1378 3742">
     <span class='ocr_line' id='line_1_12' title="bbox 124 1683 1377 1776; baseline -0.003 -22"><span class='ocrx_word' id='word_1_97' title='bbox 124 1690 270 1776; x_wconf 88' lang='lat' dir='ltr'>Objectio</span> <span class='ocrx_word' id='word_1_98' title='bbox 292 1685 457 1771; x_wconf 73' lang='lat' dir='ltr'>estquod</span> <span class='ocrx_word' id='word_1_99' title='bbox 482 1686 687 1771; x_wconf 87' lang='lat' dir='ltr'>quantitatum</span> <span class='ocrx_word' id='word_1_100' title='bbox 720 1684 966 1747; x_wconf 87' lang='lat' dir='ltr'>evanescentium</span> <span class='ocrx_word' id='word_1_101' title='bbox 992 1683 1078 1746; x_wconf 92' lang='lat' dir='ltr'>nulla</span> <span class='ocrx_word' id='word_1_102' title='bbox 1107 1684 1146 1747; x_wconf 94' lang='lat' dir='ltr'>sit</span> <span class='ocrx_word' id='word_1_103' title='bbox 1174 1685 1283 1749; x_wconf 88' lang='lat' dir='ltr'>ultima</span> <span class='ocrx_word' id='word_1_104' title='bbox 1303 1708 1377 1771; x_wconf 91' lang='lat' dir='ltr'>pro·</span> 
     </span>
     <span class='ocr_line' id='line_1_13' title="bbox 85 1790 1377 1880; baseline 0 -22"><span class='ocrx_word' id='word_1_105' title='bbox 85 1798 203 1880; x_wconf 82' lang='lat' dir='ltr'>pcrti03</span> <span class='ocrx_word' id='word_1_106' title='bbox 227 1796 339 1880; x_wconf 89' lang='lat' dir='ltr'>quippe</span> <span class='ocrx_word' id='word_1_107' title='bbox 354 1816 434 1879; x_wconf 75' lang='lat' dir='ltr'>qum,</span> <span class='ocrx_word' id='word_1_108' title='bbox 459 1805 623 1879; x_wconf 91' lang='lat' dir='ltr'>antequam</span> <span class='ocrx_word' id='word_1_109' title='bbox 638 1802 839 1868; x_wconf 88' lang='lat' dir='ltr'>evanuerunt,</span> <span class='ocrx_word' id='word_1_110' title='bbox 862 1813 926 1853; x_wconf 94' lang='lat' dir='ltr'>non</span> <span class='ocrx_word' id='word_1_111' title='bbox 951 1801 996 1853; x_wconf 90' lang='lat' dir='ltr'>est</span> <span class='ocrx_word' id='word_1_112' title='bbox 1020 1790 1142 1867; x_wconf 83' lang='lat' dir='ltr'>ultima3</span> <span class='ocrx_word' id='word_1_113' title='bbox 1165 1792 1219 1855; x_wconf 93' lang='lat' dir='ltr'>ubi</span> <span class='ocrx_word' id='word_1_114' title='bbox 1244 1816 1377 1858; x_wconf 83' lang='lat' dir='ltr'>evanue·</span> 
     </span>
     <span class='ocr_line' id='line_1_14' title="bbox 86 1897 1376 1987; baseline -0.003 -21"><span class='ocrx_word' id='word_1_115' title='bbox 86 1917 169 1980; x_wconf 91' lang='lat' dir='ltr'>runt,</span> <span class='ocrx_word' id='word_1_116' title='bbox 192 1902 279 1964; x_wconf 80' lang='lat' dir='ltr'>nulla</span> <span class='ocrx_word' id='word_1_117' title='bbox 299 1913 351 1964; x_wconf 82' lang='lat' dir='ltr'>est.</span> <span class='ocrx_word' id='word_1_118' title='bbox 399 1900 462 1964; x_wconf 87' lang='lat' dir='ltr'>Sed</span> <span class='ocrx_word' id='word_1_119' title='bbox 487 1913 518 1963; x_wconf 90' lang='lat' dir='ltr'>et</span> <span class='ocrx_word' id='word_1_120' title='bbox 543 1899 652 1963; x_wconf 92' lang='lat' dir='ltr'>eodem</span> <span class='ocrx_word' id='word_1_121' title='bbox 675 1911 858 1987; x_wconf 86' lang='lat' dir='ltr'>argumento</span> <span class='ocrx_word' id='word_1_122' title='bbox 880 1921 969 1984; x_wconf 88' lang='lat' dir='ltr'>aeque</span> <span class='ocrx_word' id='word_1_123' title='bbox 983 1897 1128 1961; x_wconf 85' lang='lat' dir='ltr'>contendi</span> <span class='ocrx_word' id='word_1_124' title='bbox 1142 1911 1245 1982; x_wconf 89' lang='lat' dir='ltr'>posset</span> <span class='ocrx_word' id='word_1_125' title='bbox 1258 1900 1376 1963; x_wconf 83' lang='lat' dir='ltr'>nussam</span> 
     </span>
     <span class='ocr_line' id='line_1_15' title="bbox 85 2005 1376 2093; baseline -0.002 -20"><span class='ocrx_word' id='word_1_126' title='bbox 85 2034 149 2073; x_wconf 89' lang='lat' dir='ltr'>esse</span> <span class='ocrx_word' id='word_1_127' title='bbox 165 2009 300 2093; x_wconf 88' lang='lat' dir='ltr'>corporis</span> <span class='ocrx_word' id='word_1_128' title='bbox 314 2007 355 2071; x_wconf 90' lang='lat' dir='ltr'>ad</span> <span class='ocrx_word' id='word_1_129' title='bbox 369 2023 489 2070; x_wconf 91' lang='lat' dir='ltr'>certum</span> <span class='ocrx_word' id='word_1_130' title='bbox 503 2006 617 2087; x_wconf 89' lang='lat' dir='ltr'>locum,</span> <span class='ocrx_word' id='word_1_131' title='bbox 640 2007 694 2070; x_wconf 92' lang='lat' dir='ltr'>ubi</span> <span class='ocrx_word' id='word_1_132' title='bbox 708 2018 811 2069; x_wconf 92' lang='lat' dir='ltr'>motus</span> <span class='ocrx_word' id='word_1_133' title='bbox 832 2005 968 2084; x_wconf 86' lang='lat' dir='ltr'>finiatur,</span> <span class='ocrx_word' id='word_1_134' title='bbox 990 2005 1197 2090; x_wconf 90' lang='lat' dir='ltr'>pervenientis</span> <span class='ocrx_word' id='word_1_135' title='bbox 1212 2007 1269 2092; x_wconf 62' lang='lat' dir='ltr'>(l)</span> <span class='ocrx_word' id='word_1_136' title='bbox 1291 2007 1376 2071; x_wconf 90' lang='lat' dir='ltr'>velo-</span> 
     </span>
     <span class='ocr_line' id='line_1_16' title="bbox 88 2111 1376 2200; baseline -0.002 -21"><span class='ocrx_word' id='word_1_137' title='bbox 88 2119 209 2181; x_wconf 80' lang='lat' dir='ltr'>citatem</span> <span class='ocrx_word' id='word_1_138' title='bbox 232 2115 384 2179; x_wconf 88' lang='lat' dir='ltr'>ultimam:</span> <span class='ocrx_word' id='word_1_139' title='bbox 408 2114 489 2177; x_wconf 92' lang='lat' dir='ltr'>hanc</span> <span class='ocrx_word' id='word_1_140' title='bbox 515 2115 608 2193; x_wconf 90' lang='lat' dir='ltr'>enim,</span> <span class='ocrx_word' id='word_1_141' title='bbox 632 2127 798 2200; x_wconf 87' lang='lat' dir='ltr'>antequam</span> <span class='ocrx_word' id='word_1_142' title='bbox 821 2135 933 2197; x_wconf 91' lang='lat' dir='ltr'>corpus</span> <span class='ocrx_word' id='word_1_143' title='bbox 957 2112 1081 2200; x_wconf 84' lang='lat' dir='ltr'>attingit</span> <span class='ocrx_word' id='word_1_144' title='bbox 1093 2111 1208 2190; x_wconf 92' lang='lat' dir='ltr'>locum,</span> <span class='ocrx_word' id='word_1_145' title='bbox 1232 2135 1296 2176; x_wconf 93' lang='lat' dir='ltr'>non</span> <span class='ocrx_word' id='word_1_146' title='bbox 1312 2136 1376 2178; x_wconf 83' lang='lat' dir='ltr'>esse</span> 
     </span>
     <span class='ocr_line' id='line_1_17' title="bbox 87 2220 1377 2310; baseline -0.002 -23"><span class='ocrx_word' id='word_1_147' title='bbox 87 2224 239 2299; x_wconf 85' lang='lat' dir='ltr'>ultimam3</span> <span class='ocrx_word' id='word_1_148' title='bbox 263 2222 315 2285; x_wconf 93' lang='lat' dir='ltr'>ubi</span> <span class='ocrx_word' id='word_1_149' title='bbox 340 2222 472 2310; x_wconf 86' lang='lat' dir='ltr'>attingit,</span> <span class='ocrx_word' id='word_1_150' title='bbox 495 2222 614 2286; x_wconf 87' lang='lat' dir='ltr'>nullam</span> <span class='ocrx_word' id='word_1_151' title='bbox 637 2245 710 2286; x_wconf 90' lang='lat' dir='ltr'>esse.</span> <span class='ocrx_word' id='word_1_152' title='bbox 757 2222 800 2285; x_wconf 87' lang='lat' dir='ltr'>Et</span> <span class='ocrx_word' id='word_1_153' title='bbox 820 2221 980 2304; x_wconf 83' lang='lat' dir='ltr'>responsio</span> <span class='ocrx_word' id='word_1_154' title='bbox 994 2220 1091 2284; x_wconf 82' lang='lat' dir='ltr'>facilis</span> <span class='ocrx_word' id='word_1_155' title='bbox 1110 2232 1169 2284; x_wconf 74' lang='lat' dir='ltr'>est:</span> <span class='ocrx_word' id='word_1_156' title='bbox 1192 2242 1249 2304; x_wconf 86' lang='lat' dir='ltr'>per</span> <span class='ocrx_word' id='word_1_157' title='bbox 1263 2220 1377 2285; x_wconf 91' lang='lat' dir='ltr'>veloci·</span> 
     </span>
     <span class='ocr_line' id='line_1_18' title="bbox 85 2327 1377 2416; baseline -0.004 -21"><span class='ocrx_word' id='word_1_158' title='bbox 85 2344 178 2396; x_wconf 87' lang='lat' dir='ltr'>tatem</span> <span class='ocrx_word' id='word_1_159' title='bbox 195 2332 336 2395; x_wconf 82' lang='lat' dir='ltr'>idtimam</span> <span class='ocrx_word' id='word_1_160' title='bbox 351 2330 482 2416; x_wconf 86' lang='lat' dir='ltr'>intelligi</span> <span class='ocrx_word' id='word_1_161' title='bbox 497 2352 576 2407; x_wconf 88' lang='lat' dir='ltr'>eam,</span> <span class='ocrx_word' id='word_1_162' title='bbox 601 2327 661 2415; x_wconf 77' lang='lat' dir='ltr'>quia</span> <span class='ocrx_word' id='word_1_163' title='bbox 684 2351 797 2413; x_wconf 89' lang='lat' dir='ltr'>corpus</span> <span class='ocrx_word' id='word_1_164' title='bbox 819 2340 971 2405; x_wconf 91' lang='lat' dir='ltr'>movetur,</span> <span class='ocrx_word' id='word_1_165' title='bbox 987 2351 1089 2414; x_wconf 91' lang='lat' dir='ltr'>neque</span> <span class='ocrx_word' id='word_1_166' title='bbox 1103 2339 1268 2413; x_wconf 88' lang='lat' dir='ltr'>autequam</span> <span class='ocrx_word' id='word_1_167' title='bbox 1283 2329 1377 2391; x_wconf 89' lang='lat' dir='ltr'>attin·</span> 
     </span>
     <span class='ocr_line' id='line_1_19' title="bbox 84 2433 1376 2529; baseline -0.003 -27"><span class='ocrx_word' id='word_1_168' title='bbox 84 2441 126 2526; x_wconf 91' lang='lat' dir='ltr'>git</span> <span class='ocrx_word' id='word_1_169' title='bbox 151 2439 259 2502; x_wconf 91' lang='lat' dir='ltr'>locum</span> <span class='ocrx_word' id='word_1_170' title='bbox 280 2438 426 2501; x_wconf 91' lang='lat' dir='ltr'>ultimum</span> <span class='ocrx_word' id='word_1_171' title='bbox 448 2451 479 2499; x_wconf 91' lang='lat' dir='ltr'>et</span> <span class='ocrx_word' id='word_1_172' title='bbox 493 2448 595 2499; x_wconf 93' lang='lat' dir='ltr'>motus</span> <span class='ocrx_word' id='word_1_173' title='bbox 610 2447 716 2514; x_wconf 88' lang='lat' dir='ltr'>cessat,</span> <span class='ocrx_word' id='word_1_174' title='bbox 739 2446 840 2521; x_wconf 86' lang='lat' dir='ltr'>neque</span> <span class='ocrx_word' id='word_1_175' title='bbox 854 2447 970 2519; x_wconf 88' lang='lat' dir='ltr'>postea,</span> <span class='ocrx_word' id='word_1_176' title='bbox 983 2434 1048 2529; x_wconf 88' lang='lat' dir='ltr'>sed</span> <span class='ocrx_word' id='word_1_177' title='bbox 1063 2446 1137 2496; x_wconf 90' lang='lat' dir='ltr'>tunc</span> <span class='ocrx_word' id='word_1_178' title='bbox 1152 2456 1224 2497; x_wconf 91' lang='lat' dir='ltr'>cum</span> <span class='ocrx_word' id='word_1_179' title='bbox 1238 2433 1376 2522; x_wconf 66' lang='lat' dir='ltr'>atting&#39;t3</span> 
     </span>
     <span class='ocr_line' id='line_1_20' title="bbox 85 2531 1377 2630; baseline -0.002 -22"><span class='ocrx_word' id='word_1_180' title='bbox 85 2546 115 2609; x_wconf 95' lang='lat' dir='ltr'>id</span> <span class='ocrx_word' id='word_1_181' title='bbox 129 2559 185 2625; x_wconf 88' lang='lat' dir='ltr'>est,</span> <span class='ocrx_word' id='word_1_182' title='bbox 210 2545 298 2608; x_wconf 90' lang='lat' dir='ltr'>illam</span> <span class='ocrx_word' id='word_1_183' title='bbox 313 2545 412 2628; x_wconf 88' lang='lat' dir='ltr'>ipsam</span> <span class='ocrx_word' id='word_1_184' title='bbox 427 2533 621 2607; x_wconf 88' lang='lat' dir='ltr'>velocitatem</span> <span class='ocrx_word' id='word_1_185' title='bbox 636 2531 768 2628; x_wconf 79' lang='lat' dir='ltr'>quietim</span> <span class='ocrx_word' id='word_1_186' title='bbox 785 2565 897 2627; x_wconf 88' lang='lat' dir='ltr'>corpus</span> <span class='ocrx_word' id='word_1_187' title='bbox 913 2542 1038 2630; x_wconf 88' lang='lat' dir='ltr'>attingit</span> <span class='ocrx_word' id='word_1_188' title='bbox 1059 2541 1165 2605; x_wconf 90' lang='lat' dir='ltr'>locum</span> <span class='ocrx_word' id='word_1_189' title='bbox 1180 2540 1325 2605; x_wconf 90' lang='lat' dir='ltr'>ultimum</span> <span class='ocrx_word' id='word_1_190' title='bbox 1344 2558 1377 2606; x_wconf 90' lang='lat' dir='ltr'>et</span> 
     </span>
     <span class='ocr_line' id='line_1_21' title="bbox 88 2713 1374 2776; baseline -0.001 -9"><span class='ocrx_word' id='word_1_191' title='bbox 88 2735 128 2767; x_wconf 80' lang='lat' dir='ltr'>ras</span> <span class='ocrx_word' id='word_1_192' title='bbox 160 2717 228 2765; x_wconf 78' lang='lat' dir='ltr'>Nam</span> <span class='ocrx_word' id='word_1_193' title='bbox 239 2714 418 2762; x_wconf 83' lang='lat' dir='ltr'>considerabant</span> <span class='ocrx_word' id='word_1_194' title='bbox 434 2714 550 2776; x_wconf 83' lang='lat' dir='ltr'>polygona</span> <span class='ocrx_word' id='word_1_195' title='bbox 569 2713 662 2762; x_wconf 87' lang='lat' dir='ltr'>circulis</span> <span class='ocrx_word' id='word_1_196' title='bbox 679 2714 716 2762; x_wconf 86' lang='lat' dir='ltr'>in·</span> <span class='ocrx_word' id='word_1_197' title='bbox 749 2714 1005 2775; x_wconf 81' lang='lat' dir='ltr'>cumtiusprocederet,</span> <span class='ocrx_word' id='word_1_198' title='bbox 1027 2714 1268 2763; x_wconf 79' lang='lat' dir='ltr'>locoindivisibssium</span> <span class='ocrx_word' id='word_1_199' title='bbox 1289 2731 1374 2766; x_wconf 85' lang='lat' dir='ltr'>arane-</span> 
     </span>
     <span class='ocr_line' id='line_1_22' title="bbox 86 2777 1375 2842; baseline 0.003 -17"><span class='ocrx_word' id='word_1_200' title='bbox 86 2785 166 2842; x_wconf 60' lang='lat' dir='ltr'>uipea</span> <span class='ocrx_word' id='word_1_201' title='bbox 172 2793 288 2842; x_wconf 79' lang='lat' dir='ltr'>tanquam</span> <span class='ocrx_word' id='word_1_202' title='bbox 296 2778 424 2839; x_wconf 89' lang='lat' dir='ltr'>composita</span> <span class='ocrx_word' id='word_1_203' title='bbox 432 2793 460 2825; x_wconf 81' lang='lat' dir='ltr'>ea</span> <span class='ocrx_word' id='word_1_204' title='bbox 470 2779 566 2825; x_wconf 88' lang='lat' dir='ltr'>infinitis</span> <span class='ocrx_word' id='word_1_205' title='bbox 574 2793 673 2826; x_wconf 85' lang='lat' dir='ltr'>nomem</span> <span class='ocrx_word' id='word_1_206' title='bbox 679 2790 714 2825; x_wconf 90' lang='lat' dir='ltr'>at·</span> <span class='ocrx_word' id='word_1_207' title='bbox 749 2779 836 2826; x_wconf 88' lang='lat' dir='ltr'>scentia</span> <span class='ocrx_word' id='word_1_208' title='bbox 847 2777 971 2825; x_wconf 85' lang='lat' dir='ltr'>divisibilia</span> <span class='ocrx_word' id='word_1_209' title='bbox 981 2779 1107 2834; x_wconf 85' lang='lat' dir='ltr'>substituit,</span> <span class='ocrx_word' id='word_1_210' title='bbox 1119 2790 1143 2826; x_wconf 88' lang='lat' dir='ltr'>et</span> <span class='ocrx_word' id='word_1_211' title='bbox 1158 2780 1300 2842; x_wconf 82' lang='lat' dir='ltr'>quantitates</span> <span class='ocrx_word' id='word_1_212' title='bbox 1320 2782 1375 2829; x_wconf 85' lang='lat' dir='ltr'>Ms-</span> 
     </span>
     <span class='ocr_line' id='line_1_23' title="bbox 87 2843 1376 2911; baseline 0 -18"><span class='ocrx_word' id='word_1_213' title='bbox 87 2844 233 2911; x_wconf 75' lang='lat' dir='ltr'>queiuliuittl</span> <span class='ocrx_word' id='word_1_214' title='bbox 244 2844 320 2904; x_wconf 85' lang='lat' dir='ltr'>parvis</span> <span class='ocrx_word' id='word_1_215' title='bbox 334 2858 375 2888; x_wconf 88' lang='lat' dir='ltr'>seu</span> <span class='ocrx_word' id='word_1_216' title='bbox 387 2843 576 2890; x_wconf 84' lang='lat' dir='ltr'>evanescentibus</span> <span class='ocrx_word' id='word_1_217' title='bbox 587 2843 711 2901; x_wconf 86' lang='lat' dir='ltr'>lateribus;</span> <span class='ocrx_word' id='word_1_218' title='bbox 738 2843 880 2890; x_wconf 89' lang='lat' dir='ltr'>·thematioas</span> <span class='ocrx_word' id='word_1_219' title='bbox 899 2857 948 2889; x_wconf 92' lang='lat' dir='ltr'>uon</span> <span class='ocrx_word' id='word_1_220' title='bbox 970 2852 997 2889; x_wconf 92' lang='lat' dir='ltr'>ut</span> <span class='ocrx_word' id='word_1_221' title='bbox 1019 2857 1048 2889; x_wconf 85' lang='lat' dir='ltr'>ex</span> <span class='ocrx_word' id='word_1_222' title='bbox 1064 2843 1169 2903; x_wconf 78' lang='lat' dir='ltr'>partibus</span> <span class='ocrx_word' id='word_1_223' title='bbox 1179 2859 1251 2906; x_wconf 89' lang='lat' dir='ltr'>quam</span> <span class='ocrx_word' id='word_1_224' title='bbox 1271 2844 1376 2894; x_wconf 87' lang='lat' dir='ltr'>minimis</span> 
     </span>
     <span class='ocr_line' id='line_1_24' title="bbox 88 2905 1376 2987; baseline 0.001 -32"><span class='ocrx_word' id='word_1_225' title='bbox 88 2911 238 2987; x_wconf 53' lang='lat' dir='ltr'><strong>“¹¹3¹th</strong></span> <span class='ocrx_word' id='word_1_226' title='bbox 251 2917 333 2984; x_wconf 70' lang='lat' dir='ltr'>autern</span> <span class='ocrx_word' id='word_1_227' title='bbox 341 2917 375 2981; x_wconf 72' lang='lat' dir='ltr'>est</span> <span class='ocrx_word' id='word_1_228' title='bbox 384 2905 539 2985; x_wconf 61' lang='lat' dir='ltr'>ditlemptiam</span> <span class='ocrx_word' id='word_1_229' title='bbox 550 2907 713 2982; x_wconf 26' lang='lat' dir='ltr'>polygoninin·</span> <span class='ocrx_word' id='word_1_230' title='bbox 746 2917 884 2982; x_wconf 81' lang='lat' dir='ltr'>constantes,</span> <span class='ocrx_word' id='word_1_231' title='bbox 892 2905 932 2953; x_wconf 86' lang='lat' dir='ltr'>sed</span> <span class='ocrx_word' id='word_1_232' title='bbox 939 2917 966 2981; x_wconf 72' lang='lat' dir='ltr'>ut</span> <span class='ocrx_word' id='word_1_233' title='bbox 977 2918 1043 2982; x_wconf 79' lang='lat' dir='ltr'>motu</span> <span class='ocrx_word' id='word_1_234' title='bbox 1057 2907 1170 2982; x_wconf 78' lang='lat' dir='ltr'>continuo</span> <span class='ocrx_word' id='word_1_235' title='bbox 1181 2907 1309 2984; x_wconf 73' lang='lat' dir='ltr'>descriptas</span> <span class='ocrx_word' id='word_1_236' title='bbox 1319 2925 1376 2958; x_wconf 90' lang='lat' dir='ltr'>con-</span> 
     </span>
     <span class='ocr_line' id='line_1_25' title="bbox 88 2970 1375 3099; baseline -0.001 -13"><span class='ocrx_word' id='word_1_237' title='bbox 88 2970 714 3097; x_wconf 59' lang='lat' dir='ltr'>ntttfflltqtlzlttlsffitltttt</span> <span class='ocrx_word' id='word_1_238' title='bbox 747 2971 1375 3099; x_wconf 46' lang='lat' dir='ltr'>{lisll&#39;uiillssllrldbilbilim&amp;</span> 
     </span>
     <span class='ocr_line' id='line_1_26' title="bbox 90 3098 1376 3162; baseline -0.005 -12"><span class='ocrx_word' id='word_1_239' title='bbox 90 3101 281 3150; x_wconf 77' lang='lat' dir='ltr'>cemibsascirculi</span> <span class='ocrx_word' id='word_1_240' title='bbox 291 3099 417 3162; x_wconf 81' lang='lat' dir='ltr'>segmentis</span> <span class='ocrx_word' id='word_1_241' title='bbox 427 3115 528 3161; x_wconf 90' lang='lat' dir='ltr'>quorum</span> <span class='ocrx_word' id='word_1_242' title='bbox 535 3099 712 3161; x_wconf 71' lang='lat' dir='ltr'>laterapolygw</span> <span class='ocrx_word' id='word_1_243' title='bbox 746 3099 786 3147; x_wconf 89' lang='lat' dir='ltr'>sed</span> <span class='ocrx_word' id='word_1_244' title='bbox 803 3109 948 3159; x_wconf 87' lang='lat' dir='ltr'>permotum</span> <span class='ocrx_word' id='word_1_245' title='bbox 965 3098 1104 3147; x_wconf 89' lang='lat' dir='ltr'>continuum</span> <span class='ocrx_word' id='word_1_246' title='bbox 1115 3110 1265 3160; x_wconf 89' lang='lat' dir='ltr'>punctorum,</span> <span class='ocrx_word' id='word_1_247' title='bbox 1278 3103 1376 3162; x_wconf 75' lang='lat' dir='ltr'>superii.</span> 
     </span>
     <span class='ocr_line' id='line_1_27' title="bbox 92 3162 1376 3226; baseline 0 -12"><span class='ocrx_word' id='word_1_248' title='bbox 92 3165 294 3221; x_wconf 67' lang='lat' dir='ltr'>msuntcbonl23</span> <span class='ocrx_word' id='word_1_249' title='bbox 311 3165 362 3209; x_wconf 81' lang='lat' dir='ltr'>haec</span> <span class='ocrx_word' id='word_1_250' title='bbox 373 3162 427 3209; x_wconf 75' lang='lat' dir='ltr'>vero</span> <span class='ocrx_word' id='word_1_251' title='bbox 439 3174 559 3226; x_wconf 82' lang='lat' dir='ltr'>segmenta</span> <span class='ocrx_word' id='word_1_252' title='bbox 569 3174 625 3210; x_wconf 87' lang='lat' dir='ltr'>sunt</span> <span class='ocrx_word' id='word_1_253' title='bbox 643 3164 713 3210; x_wconf 91' lang='lat' dir='ltr'>mini·</span> <span class='ocrx_word' id='word_1_254' title='bbox 746 3165 792 3211; x_wconf 86' lang='lat' dir='ltr'>cies</span> <span class='ocrx_word' id='word_1_255' title='bbox 810 3179 852 3223; x_wconf 90' lang='lat' dir='ltr'>per</span> <span class='ocrx_word' id='word_1_256' title='bbox 869 3173 960 3210; x_wconf 89' lang='lat' dir='ltr'>motum</span> <span class='ocrx_word' id='word_1_257' title='bbox 971 3163 1095 3218; x_wconf 85' lang='lat' dir='ltr'>linearum,</span> <span class='ocrx_word' id='word_1_258' title='bbox 1113 3163 1221 3212; x_wconf 87' lang='lat' dir='ltr'>etsolida</span> <span class='ocrx_word' id='word_1_259' title='bbox 1232 3182 1274 3226; x_wconf 91' lang='lat' dir='ltr'>per</span> <span class='ocrx_word' id='word_1_260' title='bbox 1285 3177 1376 3214; x_wconf 88' lang='lat' dir='ltr'>motum</span> 
     </span>
     <span class='ocr_line' id='line_1_28' title="bbox 93 3227 1375 3293; baseline 0 -15"><span class='ocrx_word' id='word_1_261' title='bbox 93 3247 134 3278; x_wconf 69' lang='lat' dir='ltr'>me</span> <span class='ocrx_word' id='word_1_262' title='bbox 144 3231 285 3293; x_wconf 71' lang='lat' dir='ltr'>quantitates</span> <span class='ocrx_word' id='word_1_263' title='bbox 295 3227 342 3274; x_wconf 76' lang='lat' dir='ltr'>illa</span> <span class='ocrx_word' id='word_1_264' title='bbox 353 3243 411 3289; x_wconf 87' lang='lat' dir='ltr'>quas</span> <span class='ocrx_word' id='word_1_265' title='bbox 419 3228 514 3274; x_wconf 86' lang='lat' dir='ltr'>secundi</span> <span class='ocrx_word' id='word_1_266' title='bbox 526 3228 614 3274; x_wconf 91' lang='lat' dir='ltr'>ordinis</span> <span class='ocrx_word' id='word_1_267' title='bbox 635 3228 714 3275; x_wconf 80' lang='lat' dir='ltr'>infani-</span> <span class='ocrx_word' id='word_1_268' title='bbox 746 3227 928 3288; x_wconf 87' lang='lat' dir='ltr'>superficierum,</span> <span class='ocrx_word' id='word_1_269' title='bbox 941 3228 1042 3290; x_wconf 86' lang='lat' dir='ltr'>angulos</span> <span class='ocrx_word' id='word_1_270' title='bbox 1063 3244 1105 3288; x_wconf 89' lang='lat' dir='ltr'>per</span> <span class='ocrx_word' id='word_1_271' title='bbox 1116 3229 1256 3276; x_wconf 83' lang='lat' dir='ltr'>rotationem</span> <span class='ocrx_word' id='word_1_272' title='bbox 1267 3230 1375 3288; x_wconf 81' lang='lat' dir='ltr'>latemm,</span> 
     </span>
     <span class='ocr_line' id='line_1_29' title="bbox 94 3290 1360 3353; baseline 0 -11"><span class='ocrx_word' id='word_1_273' title='bbox 94 3297 183 3342; x_wconf 83' lang='lat' dir='ltr'>tesimas</span> <span class='ocrx_word' id='word_1_274' title='bbox 200 3294 283 3340; x_wconf 87' lang='lat' dir='ltr'>dicunt</span> <span class='ocrx_word' id='word_1_275' title='bbox 309 3292 453 3338; x_wconf 83' lang='lat' dir='ltr'>recentiores.</span> <span class='ocrx_word' id='word_1_276' title='bbox 490 3290 540 3339; x_wconf 90' lang='lat' dir='ltr'>Hic</span> <span class='ocrx_word' id='word_1_277' title='bbox 555 3293 638 3352; x_wconf 86' lang='lat' dir='ltr'>pedem</span> <span class='ocrx_word' id='word_1_278' title='bbox 656 3292 714 3339; x_wconf 83' lang='lat' dir='ltr'>fiae·</span> <span class='ocrx_word' id='word_1_279' title='bbox 746 3291 998 3353; x_wconf 81' lang='lat' dir='ltr'>tempomperiluxum</span> <span class='ocrx_word' id='word_1_280' title='bbox 1007 3293 1224 3349; x_wconf 88' lang='lat' dir='ltr'>continuum,etsic</span> <span class='ocrx_word' id='word_1_281' title='bbox 1232 3295 1257 3340; x_wconf 91' lang='lat' dir='ltr'>in</span> <span class='ocrx_word' id='word_1_282' title='bbox 1265 3296 1360 3342; x_wconf 74' lang='lat' dir='ltr'>ceteris.</span> 
     </span>
     <span class='ocr_line' id='line_1_30' title="bbox 94 3356 1378 3422; baseline 0.002 -20"><span class='ocrx_word' id='word_1_283' title='bbox 94 3369 243 3408; x_wconf 66' lang='lat' dir='ltr'>:apamea</span> <span class='ocrx_word' id='word_1_284' title='bbox 263 3357 400 3418; x_wconf 82' lang='lat' dir='ltr'>primusque</span> <span class='ocrx_word' id='word_1_285' title='bbox 410 3356 503 3417; x_wconf 76' lang='lat' dir='ltr'>longiis</span> <span class='ocrx_word' id='word_1_286' title='bbox 520 3357 627 3420; x_wconf 78' lang='lat' dir='ltr'>progredi</span> <span class='ocrx_word' id='word_1_287' title='bbox 644 3373 716 3404; x_wconf 89' lang='lat' dir='ltr'>ausus</span> <span class='ocrx_word' id='word_1_288' title='bbox 780 3357 814 3420; x_wconf 86' lang='grc' dir='ltr'>(ο)</span> <span class='ocrx_word' id='word_1_289' title='bbox 826 3363 878 3404; x_wconf 76' lang='grc'><strong>158.</strong></span> <span class='ocrx_word' id='word_1_290' title='bbox 891 3357 938 3404; x_wconf 91' lang='lat' dir='ltr'>Ubi</span> <span class='ocrx_word' id='word_1_291' title='bbox 950 3356 1378 3422; x_wconf 83' lang='lat' dir='ltr'>areecurvilineainparasselogram-</span> 
     </span>
     <span class='ocr_line' id='line_1_31' title="bbox 93 3420 1376 3475; baseline -0.001 -4"><span class='ocrx_word' id='word_1_292' title='bbox 93 3435 124 3470; x_wconf 84' lang='lat' dir='ltr'>est</span> <span class='ocrx_word' id='word_1_293' title='bbox 132 3422 298 3471; x_wconf 83' lang='lat' dir='ltr'>celeberrimus</span> <span class='ocrx_word' id='word_1_294' title='bbox 308 3421 433 3467; x_wconf 85' lang='lat' dir='ltr'>Geometra</span> <span class='ocrx_word' id='word_1_295' title='bbox 443 3423 608 3469; x_wconf 83' lang='lat' dir='ltr'>Bonaventura</span> <span class='ocrx_word' id='word_1_296' title='bbox 619 3420 715 3468; x_wconf 84' lang='lat' dir='ltr'>Carale-</span> <span class='ocrx_word' id='word_1_297' title='bbox 747 3437 786 3467; x_wconf 88' lang='lat' dir='ltr'>ma</span> <span class='ocrx_word' id='word_1_298' title='bbox 796 3420 916 3468; x_wconf 85' lang='lat' dir='ltr'>rectilinea</span> <span class='ocrx_word' id='word_1_299' title='bbox 926 3420 1046 3475; x_wconf 89' lang='lat' dir='ltr'>dividitur,</span> <span class='ocrx_word' id='word_1_300' title='bbox 1066 3432 1089 3469; x_wconf 87' lang='lat' dir='ltr'>et</span> <span class='ocrx_word' id='word_1_301' title='bbox 1100 3437 1182 3469; x_wconf 87' lang='lat' dir='ltr'>eorum</span> <span class='ocrx_word' id='word_1_302' title='bbox 1204 3438 1317 3470; x_wconf 90' lang='lat' dir='ltr'>numerus</span> <span class='ocrx_word' id='word_1_303' title='bbox 1333 3441 1376 3471; x_wconf 90' lang='lat' dir='ltr'>au·</span> 
     </span>
     <span class='ocr_line' id='line_1_32' title="bbox 94 3484 1376 3551; baseline -0.002 -19"><span class='ocrx_word' id='word_1_304' title='bbox 94 3489 143 3545; x_wconf 75' lang='lat' dir='ltr'>sius,</span> <span class='ocrx_word' id='word_1_305' title='bbox 155 3487 196 3551; x_wconf 82' lang='lat' dir='ltr'>qui</span> <span class='ocrx_word' id='word_1_306' title='bbox 205 3502 269 3532; x_wconf 88' lang='lat' dir='ltr'>anuo</span> <span class='ocrx_word' id='word_1_307' title='bbox 280 3489 347 3540; x_wconf 79' lang='lat'>1635,</span> <span class='ocrx_word' id='word_1_308' title='bbox 355 3484 531 3533; x_wconf 84' lang='lat' dir='ltr'>indivisibilium</span> <span class='ocrx_word' id='word_1_309' title='bbox 542 3485 679 3533; x_wconf 87' lang='lat' dir='ltr'>methodum</span> <span class='ocrx_word' id='word_1_310' title='bbox 690 3487 716 3532; x_wconf 88' lang='lat' dir='ltr'>iu</span> <span class='ocrx_word' id='word_1_311' title='bbox 747 3496 816 3548; x_wconf 83' lang='lat' dir='ltr'>getur</span> <span class='ocrx_word' id='word_1_312' title='bbox 831 3495 901 3546; x_wconf 88' lang='lat' dir='ltr'>atque</span> <span class='ocrx_word' id='word_1_313' title='bbox 914 3484 1016 3532; x_wconf 87' lang='lat' dir='ltr'>latitudo</span> <span class='ocrx_word' id='word_1_314' title='bbox 1033 3485 1148 3533; x_wconf 91' lang='lat' dir='ltr'>minuitur</span> <span class='ocrx_word' id='word_1_315' title='bbox 1158 3486 1184 3532; x_wconf 93' lang='lat' dir='ltr'>in</span> <span class='ocrx_word' id='word_1_316' title='bbox 1196 3486 1322 3542; x_wconf 84' lang='lat' dir='ltr'>inlinitum,</span> <span class='ocrx_word' id='word_1_317' title='bbox 1333 3489 1376 3534; x_wconf 91' lang='lat' dir='ltr'>ho.</span> 
     </span>
     <span class='ocr_line' id='line_1_33' title="bbox 92 3548 1376 3616; baseline 0.003 -22"><span class='ocrx_word' id='word_1_318' title='bbox 92 3552 238 3616; x_wconf 66' lang='grc' dir='ltr'>μκιήαῃ</span> <span class='ocrx_word' id='word_1_319' title='bbox 261 3548 397 3595; x_wconf 79' lang='lat' dir='ltr'>introduxit</span> <span class='ocrx_word' id='word_1_320' title='bbox 445 3552 500 3598; x_wconf 85' lang='lat' dir='ltr'>Hoc</span> <span class='ocrx_word' id='word_1_321' title='bbox 519 3550 620 3610; x_wconf 90' lang='lat' dir='ltr'>primum</span> <span class='ocrx_word' id='word_1_322' title='bbox 638 3550 716 3608; x_wconf 88' lang='lat' dir='ltr'>posuit</span> <span class='ocrx_word' id='word_1_323' title='bbox 747 3566 801 3597; x_wconf 88' lang='lat' dir='ltr'>rum</span> <span class='ocrx_word' id='word_1_324' title='bbox 819 3548 1091 3612; x_wconf 77' lang='lat' dir='ltr'>parallelogrammorum</span> <span class='ocrx_word' id='word_1_325' title='bbox 1112 3566 1205 3598; x_wconf 86' lang='lat' dir='ltr'>summa</span> <span class='ocrx_word' id='word_1_326' title='bbox 1227 3552 1307 3614; x_wconf 85' lang='lat' dir='ltr'>(Lem.</span> <span class='ocrx_word' id='word_1_327' title='bbox 1330 3552 1376 3614; x_wconf 75' lang='grc'>2.),</span> 
     </span>
     <span class='ocr_line' id='line_1_34' title="bbox 92 3612 1377 3676; baseline 0 -12"><span class='ocrx_word' id='word_1_328' title='bbox 92 3634 135 3664; x_wconf 75' lang='lat' dir='ltr'>stae</span> <span class='ocrx_word' id='word_1_329' title='bbox 149 3614 258 3662; x_wconf 79' lang='lat' dir='ltr'>methodi</span> <span class='ocrx_word' id='word_1_330' title='bbox 269 3612 395 3667; x_wconf 83' lang='lat' dir='ltr'>decretum,</span> <span class='ocrx_word' id='word_1_331' title='bbox 408 3613 482 3661; x_wconf 85' lang='lat' dir='ltr'>lineas</span> <span class='ocrx_word' id='word_1_332' title='bbox 493 3614 578 3674; x_wconf 77' lang='lat' dir='ltr'>nempe</span> <span class='ocrx_word' id='word_1_333' title='bbox 588 3629 616 3660; x_wconf 81' lang='lat' dir='ltr'>ea</span> <span class='ocrx_word' id='word_1_334' title='bbox 637 3614 715 3660; x_wconf 84' lang='lat' dir='ltr'>inlini-</span> <span class='ocrx_word' id='word_1_335' title='bbox 748 3629 870 3676; x_wconf 88' lang='lat' dir='ltr'>nunquam</span> <span class='ocrx_word' id='word_1_336' title='bbox 886 3623 960 3674; x_wconf 83' lang='lat' dir='ltr'>potest</span> <span class='ocrx_word' id='word_1_337' title='bbox 979 3630 1029 3661; x_wconf 85' lang='lat' dir='ltr'>esse</span> <span class='ocrx_word' id='word_1_338' title='bbox 1046 3614 1324 3670; x_wconf 73' lang='lat' dir='ltr'>ma‘orareicurvilined,</span> <span class='ocrx_word' id='word_1_339' title='bbox 1335 3616 1377 3664; x_wconf 86' lang='lat' dir='ltr'>sed</span> 
     </span>
     <span class='ocr_line' id='line_1_35' title="bbox 92 3631 1377 3742; baseline -0.002 -14"><span class='ocrx_word' id='word_1_340' title='bbox 92 3682 119 3728; x_wconf 90' lang='lat' dir='ltr'>tis</span> <span class='ocrx_word' id='word_1_341' title='bbox 127 3679 222 3741; x_wconf 67' lang='lat' dir='ltr'>pacuis</span> <span class='ocrx_word' id='word_1_342' title='bbox 232 3688 345 3729; x_wconf 54' lang='lat' dir='ltr'>concere.</span> <span class='ocrx_word' id='word_1_343' title='bbox 354 3679 487 3737; x_wconf 83' lang='lat' dir='ltr'>superficies</span> <span class='ocrx_word' id='word_1_344' title='bbox 497 3693 525 3725; x_wconf 81' lang='lat' dir='ltr'>es</span> <span class='ocrx_word' id='word_1_345' title='bbox 536 3679 634 3725; x_wconf 87' lang='lat' dir='ltr'>infinitis</span> <span class='ocrx_word' id='word_1_346' title='bbox 641 3677 716 3734; x_wconf 87' lang='lat' dir='ltr'>lineis,</span> <span class='ocrx_word' id='word_1_347' title='bbox 748 3680 798 3725; x_wconf 78' lang='lat' dir='ltr'>hac</span> <span class='ocrx_word' id='word_1_348' title='bbox 809 3694 862 3724; x_wconf 86' lang='lat' dir='ltr'>area</span> <span class='ocrx_word' id='word_1_349' title='bbox 873 3687 908 3725; x_wconf 88' lang='lat' dir='ltr'>est</span> <span class='ocrx_word' id='word_1_350' title='bbox 926 3678 1041 3725; x_wconf 87' lang='lat' dir='ltr'>terminus</span> <span class='ocrx_word' id='word_1_351' title='bbox 1057 3631 1093 3726; x_wconf 73' lang='lat' dir='ltr'>ni</span> <span class='ocrx_word' id='word_1_352' title='bbox 1098 3695 1169 3741; x_wconf 90' lang='lat' dir='ltr'>quem</span> <span class='ocrx_word' id='word_1_353' title='bbox 1186 3679 1377 3742; x_wconf 85' lang='lat' dir='ltr'>parallelogram-</span> 
     </span>
    </p>
   </div>
   <div class='ocr_carea' id='block_1_3' title="bbox 93 3741 1378 3871">
    <p class='ocr_par' dir='ltr' id='par_1_4' title="bbox 93 3741 1378 3871">
     <span class='ocr_line' id='line_1_36' title="bbox 93 3741 1378 3804; baseline 0 -12"><span class='ocrx_word' id='word_1_354' title='bbox 93 3757 114 3792; x_wconf 88' lang='lat' dir='ltr'>et</span> <span class='ocrx_word' id='word_1_355' title='bbox 122 3744 196 3791; x_wconf 85' lang='lat' dir='ltr'>solida</span> <span class='ocrx_word' id='word_1_356' title='bbox 207 3758 236 3788; x_wconf 86' lang='lat' dir='ltr'>ex</span> <span class='ocrx_word' id='word_1_357' title='bbox 249 3742 346 3788; x_wconf 76' lang='lat' dir='ltr'>infinitis</span> <span class='ocrx_word' id='word_1_358' title='bbox 357 3743 537 3802; x_wconf 73' lang='lat' dir='ltr'>superficiebus3</span> <span class='ocrx_word' id='word_1_359' title='bbox 554 3741 638 3789; x_wconf 91' lang='lat' dir='ltr'>deinde</span> <span class='ocrx_word' id='word_1_360' title='bbox 655 3741 714 3789; x_wconf 86' lang='lat' dir='ltr'>indi·</span> <span class='ocrx_word' id='word_1_361' title='bbox 748 3758 843 3789; x_wconf 91' lang='lat' dir='ltr'>morum</span> <span class='ocrx_word' id='word_1_362' title='bbox 850 3741 1035 3790; x_wconf 84' lang='lat' dir='ltr'>decrescentium</span> <span class='ocrx_word' id='word_1_363' title='bbox 1046 3759 1138 3790; x_wconf 88' lang='lat' dir='ltr'>summa</span> <span class='ocrx_word' id='word_1_364' title='bbox 1146 3759 1240 3804; x_wconf 89' lang='lat' dir='ltr'>semper</span> <span class='ocrx_word' id='word_1_365' title='bbox 1250 3743 1340 3791; x_wconf 84' lang='lat' dir='ltr'>accedit</span> <span class='ocrx_word' id='word_1_366' title='bbox 1354 3755 1378 3792; x_wconf 87' lang='lat' dir='ltr'>et</span> 
     </span>
     <span class='ocr_line' id='line_1_37' title="bbox 93 3805 1378 3871; baseline 0 -15"><span class='ocrx_word' id='word_1_367' title='bbox 93 3810 186 3856; x_wconf 85' lang='lat' dir='ltr'>visibilia</span> <span class='ocrx_word' id='word_1_368' title='bbox 195 3806 237 3853; x_wconf 82' lang='lat' dir='ltr'>illa</span> <span class='ocrx_word' id='word_1_369' title='bbox 248 3806 369 3861; x_wconf 86' lang='lat' dir='ltr'>elementa,</span> <span class='ocrx_word' id='word_1_370' title='bbox 378 3817 497 3869; x_wconf 84' lang='lat' dir='ltr'>totamque</span> <span class='ocrx_word' id='word_1_371' title='bbox 508 3822 590 3853; x_wconf 89' lang='lat' dir='ltr'>eorum</span> <span class='ocrx_word' id='word_1_372' title='bbox 600 3822 716 3853; x_wconf 90' lang='lat' dir='ltr'>summam</span> <span class='ocrx_word' id='word_1_373' title='bbox 748 3822 819 3868; x_wconf 91' lang='lat' dir='ltr'>quern</span> <span class='ocrx_word' id='word_1_374' title='bbox 840 3805 936 3853; x_wconf 86' lang='lat' dir='ltr'>tandem</span> <span class='ocrx_word' id='word_1_375' title='bbox 962 3807 1063 3869; x_wconf 79' lang='lat' dir='ltr'>attingit,</span> <span class='ocrx_word' id='word_1_376' title='bbox 1090 3808 1132 3855; x_wconf 89' lang='lat' dir='ltr'>ubi</span> <span class='ocrx_word' id='word_1_377' title='bbox 1160 3807 1378 3871; x_wconf 83' lang='lat' dir='ltr'>parallelogramma</span> 
     </span>
    </p>
   </div>
   <div class='ocr_carea' id='block_1_4' title="bbox 92 3869 1466 3935">
    <p class='ocr_par' dir='ltr' id='par_1_5' title="bbox 92 3869 1466 3935">
     <span class='ocr_line' id='line_1_38' title="bbox 92 3869 1466 3935; baseline -0.001 -14"><span class='ocrx_word' id='word_1_378' title='bbox 92 3883 207 3935; x_wconf 74' lang='lat' dir='ltr'>mparat</span> <span class='ocrx_word' id='word_1_379' title='bbox 219 3871 244 3917; x_wconf 92' lang='lat' dir='ltr'>in</span> <span class='ocrx_word' id='word_1_380' title='bbox 256 3869 304 3917; x_wconf 76' lang='lat' dir='ltr'>unt</span> <span class='ocrx_word' id='word_1_381' title='bbox 314 3871 477 3932; x_wconf 85' lang='lat' dir='ltr'>magnitudine</span> <span class='ocrx_word' id='word_1_382' title='bbox 488 3887 543 3918; x_wconf 88' lang='lat' dir='ltr'>cum</span> <span class='ocrx_word' id='word_1_383' title='bbox 553 3870 653 3932; x_wconf 83' lang='lat' dir='ltr'>singulis</span> <span class='ocrx_word' id='word_1_384' title='bbox 670 3871 717 3917; x_wconf 87' lang='lat' dir='ltr'>ele·</span> <span class='ocrx_word' id='word_1_385' title='bbox 748 3881 889 3918; x_wconf 87' lang='lat' dir='ltr'>evanescunt</span> <span class='ocrx_word' id='word_1_386' title='bbox 900 3881 942 3919; x_wconf 90' lang='lat' dir='ltr'>aut</span> <span class='ocrx_word' id='word_1_387' title='bbox 952 3881 1087 3919; x_wconf 85' lang='lat' dir='ltr'>nascuntur·</span> <span class='ocrx_word' id='word_1_388' title='bbox 1123 3871 1190 3919; x_wconf 90' lang='lat' dir='ltr'>Idem</span> <span class='ocrx_word' id='word_1_389' title='bbox 1211 3871 1337 3919; x_wconf 89' lang='lat' dir='ltr'>dicendum</span> <span class='ocrx_word' id='word_1_390' title='bbox 1348 3873 1379 3920; x_wconf 87' lang='lat' dir='ltr'>de</span> <span class='ocrx_word' id='word_1_391' title='bbox 1464 3896 1466 3901; x_wconf 52' lang='lat'><strong>⁴</strong></span> 
     </span>
    </p>
   </div>
   <div class='ocr_carea' id='block_1_5' title="bbox 92 3934 1382 4834">
    <p class='ocr_par' dir='ltr' id='par_1_6' title="bbox 92 3934 1382 4834">
     <span class='ocr_line' id='line_1_39' title="bbox 93 3934 1378 3998; baseline -0.002 -14"><span class='ocrx_word' id='word_1_392' title='bbox 93 3939 174 3984; x_wconf 73' lang='lat' dir='ltr'>maa</span> <span class='ocrx_word' id='word_1_393' title='bbox 194 3950 323 3996; x_wconf 86' lang='lat' dir='ltr'>eorumque</span> <span class='ocrx_word' id='word_1_394' title='bbox 335 3935 428 3982; x_wconf 70' lang='lat' dir='ltr'>summe</span> <span class='ocrx_word' id='word_1_395' title='bbox 439 3936 463 3981; x_wconf 91' lang='lat' dir='ltr'>in</span> <span class='ocrx_word' id='word_1_396' title='bbox 483 3935 528 3982; x_wconf 77' lang='lat' dir='ltr'>alii</span> <span class='ocrx_word' id='word_1_397' title='bbox 547 3934 716 3997; x_wconf 83' lang='lat' dir='ltr'>magnitudine.</span> <span class='ocrx_word' id='word_1_398' title='bbox 749 3935 941 3982; x_wconf 84' lang='lat' dir='ltr'>evanescentibus</span> <span class='ocrx_word' id='word_1_399' title='bbox 952 3951 1076 3983; x_wconf 88' lang='lat' dir='ltr'>curvarum</span> <span class='ocrx_word' id='word_1_400' title='bbox 1087 3936 1179 3984; x_wconf 84' lang='lat' dir='ltr'>chordis</span> <span class='ocrx_word' id='word_1_401' title='bbox 1194 3946 1299 3997; x_wconf 87' lang='lat' dir='ltr'>respectu</span> <span class='ocrx_word' id='word_1_402' title='bbox 1316 3938 1378 3998; x_wconf 83' lang='lat' dir='ltr'>pen&#39;-</span> 
     </span>
     <span class='ocr_line' id='line_1_40' title="bbox 92 3998 970 4059; baseline -0.003 -9"><span class='ocrx_word' id='word_1_403' title='bbox 92 4015 114 4050; x_wconf 86' lang='lat' dir='ltr'>et</span> <span class='ocrx_word' id='word_1_404' title='bbox 124 4003 155 4049; x_wconf 86' lang='lat' dir='ltr'>sic</span> <span class='ocrx_word' id='word_1_405' title='bbox 163 4002 266 4048; x_wconf 84' lang='lat' dir='ltr'>duarum</span> <span class='ocrx_word' id='word_1_406' title='bbox 276 3998 467 4059; x_wconf 81' lang='lat' dir='ltr'>magnitudinum</span> <span class='ocrx_word' id='word_1_407' title='bbox 480 4000 594 4046; x_wconf 89' lang='lat' dir='ltr'>rationem</span> <span class='ocrx_word' id='word_1_408' title='bbox 608 3999 718 4046; x_wconf 90' lang='lat' dir='ltr'>determi-</span> <span class='ocrx_word' id='word_1_409' title='bbox 750 3999 819 4046; x_wconf 87' lang='lat' dir='ltr'>metri</span> <span class='ocrx_word' id='word_1_410' title='bbox 829 3998 970 4047; x_wconf 84' lang='lat' dir='ltr'>curvilinete.</span> 
     </span>
     <span class='ocr_line' id='line_1_41' title="bbox 93 4063 1379 4128; baseline 0.001 -15"><span class='ocrx_word' id='word_1_411' title='bbox 93 4078 138 4113; x_wconf 82' lang='lat' dir='ltr'>nat</span> <span class='ocrx_word' id='word_1_412' title='bbox 185 4065 247 4111; x_wconf 68' lang='lat' dir='ltr'>Hoc</span> <span class='ocrx_word' id='word_1_413' title='bbox 266 4073 345 4109; x_wconf 89' lang='lat' dir='ltr'>autem</span> <span class='ocrx_word' id='word_1_414' title='bbox 364 4065 522 4125; x_wconf 81' lang='lat' dir='ltr'>quantitatum</span> <span class='ocrx_word' id='word_1_415' title='bbox 541 4063 718 4110; x_wconf 86' lang='lat' dir='ltr'>indivisibilium</span> <span class='ocrx_word' id='word_1_416' title='bbox 783 4064 818 4127; x_wconf 71' lang='grc' dir='ltr'>(ν)</span> <span class='ocrx_word' id='word_1_417' title='bbox 838 4068 890 4112; x_wconf 76' lang='grc'><strong>159.</strong></span> <span class='ocrx_word' id='word_1_418' title='bbox 923 4064 1072 4119; x_wconf 82' lang='lat' dir='ltr'>Quantitates</span> <span class='ocrx_word' id='word_1_419' title='bbox 1098 4075 1260 4113; x_wconf 83' lang='lat' dir='ltr'>evanescentes</span> <span class='ocrx_word' id='word_1_420' title='bbox 1286 4066 1379 4128; x_wconf 88' lang='lat' dir='ltr'>concipi</span> 
     </span>
     <span class='ocr_line' id='line_1_42' title="bbox 93 4127 1380 4193; baseline 0.003 -17"><span class='ocrx_word' id='word_1_421' title='bbox 93 4130 225 4193; x_wconf 79' lang='lat' dir='ltr'>hypothesis</span> <span class='ocrx_word' id='word_1_422' title='bbox 235 4127 316 4174; x_wconf 76' lang='lat' dir='ltr'>diarios</span> <span class='ocrx_word' id='word_1_423' title='bbox 327 4127 452 4191; x_wconf 90' lang='lat' dir='ltr'>minusque</span> <span class='ocrx_word' id='word_1_424' title='bbox 462 4128 604 4191; x_wconf 83' lang='lat' dir='ltr'>geometrica</span> <span class='ocrx_word' id='word_1_425' title='bbox 616 4128 718 4175; x_wconf 83' lang='lat' dir='ltr'>Narvro·</span> <span class='ocrx_word' id='word_1_426' title='bbox 750 4143 799 4174; x_wconf 92' lang='lat' dir='ltr'>non</span> <span class='ocrx_word' id='word_1_427' title='bbox 810 4127 896 4175; x_wconf 88' lang='lat' dir='ltr'>debent</span> <span class='ocrx_word' id='word_1_428' title='bbox 904 4128 1134 4177; x_wconf 80' lang='lat' dir='ltr'>velutdetenninatae</span> <span class='ocrx_word' id='word_1_429' title='bbox 1142 4143 1184 4177; x_wconf 88' lang='lat' dir='ltr'>aut</span> <span class='ocrx_word' id='word_1_430' title='bbox 1192 4130 1380 4180; x_wconf 81' lang='lat' dir='ltr'>detenninabiles</span> 
     </span>
     <span class='ocr_line' id='line_1_43' title="bbox 95 4191 1379 4257; baseline 0 -15"><span class='ocrx_word' id='word_1_431' title='bbox 95 4197 179 4248; x_wconf 71' lang='lat' dir='ltr'>scrin</span> <span class='ocrx_word' id='word_1_432' title='bbox 190 4204 233 4240; x_wconf 78' lang='lat' dir='ltr'>est.</span> <span class='ocrx_word' id='word_1_433' title='bbox 751 4191 858 4254; x_wconf 75' lang='lat' dir='ltr'>quadam</span> <span class='ocrx_word' id='word_1_434' title='bbox 866 4193 982 4252; x_wconf 85' lang='lat' dir='ltr'>portiones</span> <span class='ocrx_word' id='word_1_435' title='bbox 989 4195 1146 4256; x_wconf 86' lang='lat' dir='ltr'>quantitatum</span> <span class='ocrx_word' id='word_1_436' title='bbox 1154 4210 1207 4257; x_wconf 84' lang='lat' dir='ltr'>quse</span> <span class='ocrx_word' id='word_1_437' title='bbox 1215 4205 1301 4242; x_wconf 82' lang='lat' dir='ltr'>certam</span> <span class='ocrx_word' id='word_1_438' title='bbox 1311 4195 1379 4243; x_wconf 87' lang='lat' dir='ltr'>etde-</span> 
     </span>
     <span class='ocr_line' id='line_1_44' title="bbox 123 4251 1380 4323; baseline 0.001 -18"><span class='ocrx_word' id='word_1_439' title='bbox 123 4259 160 4323; x_wconf 68' lang='grc' dir='ltr'>(π)</span> <span class='ocrx_word' id='word_1_440' title='bbox 182 4263 235 4305; x_wconf 78' lang='lat'>137.</span> <span class='ocrx_word' id='word_1_441' title='bbox 256 4251 404 4312; x_wconf 67' lang='lat' dir='ltr'>Nanctus,</span> <span class='ocrx_word' id='word_1_442' title='bbox 428 4267 456 4303; x_wconf 90' lang='lat' dir='ltr'>ut</span> <span class='ocrx_word' id='word_1_443' title='bbox 473 4255 598 4303; x_wconf 82' lang='lat' dir='ltr'>indirectas</span> <span class='ocrx_word' id='word_1_444' title='bbox 621 4267 646 4303; x_wconf 86' lang='lat' dir='ltr'>et</span> <span class='ocrx_word' id='word_1_445' title='bbox 667 4271 719 4317; x_wconf 89' lang='lat' dir='ltr'>per-</span> <span class='ocrx_word' id='word_1_446' title='bbox 752 4256 983 4316; x_wconf 81' lang='lat' dir='ltr'>linitamparvitatem</span> <span class='ocrx_word' id='word_1_447' title='bbox 992 4259 1118 4306; x_wconf 88' lang='lat' dir='ltr'>obtineant.</span> <span class='ocrx_word' id='word_1_448' title='bbox 1139 4260 1307 4322; x_wconf 85' lang='lat' dir='ltr'>Quascumque</span> <span class='ocrx_word' id='word_1_449' title='bbox 1316 4260 1380 4308; x_wconf 91' lang='lat' dir='ltr'>enim</span> 
     </span>
     <span class='ocr_line' id='line_1_45' title="bbox 94 4320 1379 4385; baseline 0.002 -15"><span class='ocrx_word' id='word_1_450' title='bbox 94 4323 172 4384; x_wconf 81' lang='lat' dir='ltr'>plexas</span> <span class='ocrx_word' id='word_1_451' title='bbox 182 4322 266 4368; x_wconf 78' lang='lat' dir='ltr'>ritaret</span> <span class='ocrx_word' id='word_1_452' title='bbox 282 4331 388 4367; x_wconf 84' lang='lat' dir='ltr'>veterum</span> <span class='ocrx_word' id='word_1_453' title='bbox 403 4320 617 4375; x_wconf 83' lang='lat' dir='ltr'>demonstrationes,</span> <span class='ocrx_word' id='word_1_454' title='bbox 632 4336 718 4367; x_wconf 78' lang='lat' dir='ltr'>earum</span> <span class='ocrx_word' id='word_1_455' title='bbox 752 4320 912 4381; x_wconf 83' lang='lat' dir='ltr'>portiunculas</span> <span class='ocrx_word' id='word_1_456' title='bbox 923 4321 1046 4377; x_wconf 85' lang='lat' dir='ltr'>linearum,</span> <span class='ocrx_word' id='word_1_457' title='bbox 1059 4322 1234 4383; x_wconf 83' lang='lat' dir='ltr'>superficierum</span> <span class='ocrx_word' id='word_1_458' title='bbox 1245 4336 1287 4371; x_wconf 87' lang='lat' dir='ltr'>aut</span> <span class='ocrx_word' id='word_1_459' title='bbox 1297 4341 1379 4385; x_wconf 88' lang='lat' dir='ltr'>corpo-</span> 
     </span>
     <span class='ocr_line' id='line_1_46' title="bbox 94 4384 1381 4449; baseline 0.001 -16"><span class='ocrx_word' id='word_1_460' title='bbox 94 4400 171 4434; x_wconf 87' lang='lat' dir='ltr'>tasnen</span> <span class='ocrx_word' id='word_1_461' title='bbox 182 4384 348 4434; x_wconf 85' lang='lat' dir='ltr'>certitudinem</span> <span class='ocrx_word' id='word_1_462' title='bbox 364 4395 388 4430; x_wconf 89' lang='lat' dir='ltr'>et</span> <span class='ocrx_word' id='word_1_463' title='bbox 403 4385 544 4431; x_wconf 85' lang='lat' dir='ltr'>evidentiam</span> <span class='ocrx_word' id='word_1_464' title='bbox 566 4395 719 4438; x_wconf 82' lang='lat' dir='ltr'>conservaret,</span> <span class='ocrx_word' id='word_1_465' title='bbox 752 4400 805 4431; x_wconf 87' lang='lat' dir='ltr'>rum</span> <span class='ocrx_word' id='word_1_466' title='bbox 813 4386 971 4444; x_wconf 89' lang='lat' dir='ltr'>acceperimus</span> <span class='ocrx_word' id='word_1_467' title='bbox 979 4396 1021 4434; x_wconf 87' lang='lat' dir='ltr'>aut</span> <span class='ocrx_word' id='word_1_468' title='bbox 1028 4387 1235 4449; x_wconf 83' lang='lat' dir='ltr'>designaverimus,</span> <span class='ocrx_word' id='word_1_469' title='bbox 1244 4390 1282 4436; x_wconf 75' lang='lat' dir='ltr'>ha</span> <span class='ocrx_word' id='word_1_470' title='bbox 1290 4403 1381 4449; x_wconf 88' lang='lat' dir='ltr'>semper</span> 
     </span>
     <span class='ocr_line' id='line_1_47' title="bbox 95 4447 1379 4515; baseline 0.002 -20"><span class='ocrx_word' id='word_1_471' title='bbox 95 4465 198 4499; x_wconf 65' lang='lat' dir='ltr'>soterum</span> <span class='ocrx_word' id='word_1_472' title='bbox 210 4449 352 4509; x_wconf 86' lang='lat' dir='ltr'>principium</span> <span class='ocrx_word' id='word_1_473' title='bbox 370 4447 479 4495; x_wconf 87' lang='lat' dir='ltr'>lemmate</span> <span class='ocrx_word' id='word_1_474' title='bbox 497 4450 573 4509; x_wconf 89' lang='lat' dir='ltr'>primo</span> <span class='ocrx_word' id='word_1_475' title='bbox 584 4448 723 4511; x_wconf 84' lang='lat' dir='ltr'>generaliter</span> <span class='ocrx_word' id='word_1_476' title='bbox 754 4447 829 4508; x_wconf 79' lang='lat' dir='ltr'>seipsi</span> <span class='ocrx_word' id='word_1_477' title='bbox 837 4448 909 4495; x_wconf 79' lang='lat' dir='ltr'>finita</span> <span class='ocrx_word' id='word_1_478' title='bbox 917 4461 993 4505; x_wconf 87' lang='lat' dir='ltr'>eruut,</span> <span class='ocrx_word' id='word_1_479' title='bbox 1004 4466 1052 4497; x_wconf 92' lang='lat' dir='ltr'>non</span> <span class='ocrx_word' id='word_1_480' title='bbox 1061 4461 1233 4510; x_wconf 65' lang='lat' dir='ltr'>evanescentem</span> <span class='ocrx_word' id='word_1_481' title='bbox 1243 4453 1322 4515; x_wconf 83' lang='lat' dir='ltr'>itaque</span> <span class='ocrx_word' id='word_1_482' title='bbox 1331 4468 1379 4500; x_wconf 93' lang='lat' dir='ltr'>non</span> 
     </span>
     <span class='ocr_line' id='line_1_48' title="bbox 94 4511 1381 4577; baseline 0.001 -15"><span class='ocrx_word' id='word_1_483' title='bbox 94 4516 209 4574; x_wconf 73' lang='lat' dir='ltr'>expressit,</span> <span class='ocrx_word' id='word_1_484' title='bbox 230 4513 337 4574; x_wconf 87' lang='lat' dir='ltr'>illudque</span> <span class='ocrx_word' id='word_1_485' title='bbox 357 4513 381 4558; x_wconf 93' lang='lat' dir='ltr'>in</span> <span class='ocrx_word' id='word_1_486' title='bbox 400 4512 515 4559; x_wconf 86' lang='lat' dir='ltr'>lemmatis</span> <span class='ocrx_word' id='word_1_487' title='bbox 526 4514 675 4575; x_wconf 85' lang='lat' dir='ltr'>sequentibus</span> <span class='ocrx_word' id='word_1_488' title='bbox 691 4512 721 4559; x_wconf 90' lang='lat' dir='ltr'>ad</span> <span class='ocrx_word' id='word_1_489' title='bbox 754 4523 810 4559; x_wconf 85' lang='lat' dir='ltr'>aunt</span> <span class='ocrx_word' id='word_1_490' title='bbox 820 4511 881 4559; x_wconf 79' lang='lat' dir='ltr'>intrd</span> <span class='ocrx_word' id='word_1_491' title='bbox 892 4525 965 4562; x_wconf 80' lang='lat' dir='ltr'>cenos</span> <span class='ocrx_word' id='word_1_492' title='bbox 976 4515 1087 4562; x_wconf 87' lang='lat' dir='ltr'>terminos</span> <span class='ocrx_word' id='word_1_493' title='bbox 1098 4518 1248 4577; x_wconf 79' lang='lat' dir='ltr'>quantumvis</span> <span class='ocrx_word' id='word_1_494' title='bbox 1264 4517 1381 4576; x_wconf 84' lang='lat' dir='ltr'>proximos</span> 
     </span>
     <span class='ocr_line' id='line_1_49' title="bbox 94 4576 1381 4642; baseline 0 -16"><span class='ocrx_word' id='word_1_495' title='bbox 94 4596 175 4626; x_wconf 87' lang='lat' dir='ltr'>curras</span> <span class='ocrx_word' id='word_1_496' title='bbox 196 4578 326 4642; x_wconf 86' lang='lat' dir='ltr'>generatim</span> <span class='ocrx_word' id='word_1_497' title='bbox 345 4577 474 4637; x_wconf 84' lang='lat' dir='ltr'>applicavit,</span> <span class='ocrx_word' id='word_1_498' title='bbox 504 4588 528 4624; x_wconf 92' lang='lat' dir='ltr'>et</span> <span class='ocrx_word' id='word_1_499' title='bbox 548 4577 603 4624; x_wconf 75' lang='lat' dir='ltr'>inde</span> <span class='ocrx_word' id='word_1_500' title='bbox 624 4576 722 4624; x_wconf 76' lang='lat' dir='ltr'>directas</span> <span class='ocrx_word' id='word_1_501' title='bbox 753 4577 903 4632; x_wconf 77' lang='lat' dir='ltr'>coarctanda,</span> <span class='ocrx_word' id='word_1_502' title='bbox 923 4579 986 4625; x_wconf 71' lang='lat' dir='ltr'>unde</span> <span class='ocrx_word' id='word_1_503' title='bbox 1002 4581 1040 4625; x_wconf 79' lang='lat' dir='ltr'>hae</span> <span class='ocrx_word' id='word_1_504' title='bbox 1050 4579 1190 4640; x_wconf 87' lang='lat' dir='ltr'>quantitates</span> <span class='ocrx_word' id='word_1_505' title='bbox 1201 4596 1292 4641; x_wconf 87' lang='lat' dir='ltr'>semper</span> <span class='ocrx_word' id='word_1_506' title='bbox 1302 4591 1329 4626; x_wconf 91' lang='lat' dir='ltr'>ut</span> <span class='ocrx_word' id='word_1_507' title='bbox 1340 4579 1381 4626; x_wconf 86' lang='lat' dir='ltr'>tle-</span> 
     </span>
     <span class='ocr_line' id='line_1_50' title="bbox 95 4640 1382 4705; baseline 0 -16"><span class='ocrx_word' id='word_1_508' title='bbox 95 4649 259 4705; x_wconf 78' lang='lat' dir='ltr'>perbsevesquc</span> <span class='ocrx_word' id='word_1_509' title='bbox 274 4640 483 4695; x_wconf 86' lang='lat' dir='ltr'>demonstrationes</span> <span class='ocrx_word' id='word_1_510' title='bbox 494 4642 519 4687; x_wconf 91' lang='lat' dir='ltr'>in</span> <span class='ocrx_word' id='word_1_511' title='bbox 529 4650 578 4687; x_wconf 88' lang='lat' dir='ltr'>toto</span> <span class='ocrx_word' id='word_1_512' title='bbox 594 4643 670 4700; x_wconf 88' lang='lat' dir='ltr'>operis</span> <span class='ocrx_word' id='word_1_513' title='bbox 679 4641 719 4688; x_wconf 90' lang='lat' dir='ltr'>de·</span> <span class='ocrx_word' id='word_1_514' title='bbox 752 4651 880 4688; x_wconf 81' lang='lat' dir='ltr'>crescentes</span> <span class='ocrx_word' id='word_1_515' title='bbox 889 4657 916 4690; x_wconf 87' lang='lat' dir='ltr'>ac</span> <span class='ocrx_word' id='word_1_516' title='bbox 926 4642 1038 4704; x_wconf 78' lang='lat' dir='ltr'>perpetuo</span> <span class='ocrx_word' id='word_1_517' title='bbox 1045 4643 1204 4692; x_wconf 75' lang='lat' dir='ltr'>diminuenda</span> <span class='ocrx_word' id='word_1_518' title='bbox 1210 4645 1282 4704; x_wconf 84' lang='lat' dir='ltr'>accipi</span> <span class='ocrx_word' id='word_1_519' title='bbox 1290 4643 1382 4690; x_wconf 80' lang='lat' dir='ltr'>debent.</span> 
     </span>
     <span class='ocr_line' id='line_1_51' title="bbox 96 4705 1380 4771; baseline -0.001 -14"><span class='ocrx_word' id='word_1_520' title='bbox 96 4725 164 4757; x_wconf 81' lang='lat' dir='ltr'>rursu</span> <span class='ocrx_word' id='word_1_521' title='bbox 175 4708 279 4755; x_wconf 78' lang='lat' dir='ltr'>deduxit</span> <span class='ocrx_word' id='word_1_522' title='bbox 314 4707 349 4753; x_wconf 91' lang='lat' dir='ltr'>Ut</span> <span class='ocrx_word' id='word_1_523' title='bbox 368 4718 448 4753; x_wconf 86' lang='lat' dir='ltr'>autern</span> <span class='ocrx_word' id='word_1_524' title='bbox 462 4706 565 4752; x_wconf 86' lang='lat' dir='ltr'>methodi</span> <span class='ocrx_word' id='word_1_525' title='bbox 577 4705 722 4752; x_wconf 85' lang='lat' dir='ltr'>indivisibili·</span> <span class='ocrx_word' id='word_1_526' title='bbox 787 4706 822 4768; x_wconf 74' lang='lat' dir='ltr'>(s)</span> <span class='ocrx_word' id='word_1_527' title='bbox 837 4711 883 4753; x_wconf 83' lang='lat' dir='ltr'>rto</span> <span class='ocrx_word' id='word_1_528' title='bbox 907 4708 1017 4768; x_wconf 80' lang='lat' dir='ltr'>Exempli</span> <span class='ocrx_word' id='word_1_529' title='bbox 1034 4707 1111 4765; x_wconf 77' lang='lat' dir='ltr'>causi,</span> <span class='ocrx_word' id='word_1_530' title='bbox 1131 4711 1207 4771; x_wconf 86' lang='lat' dir='ltr'>gravis</span> <span class='ocrx_word' id='word_1_531' title='bbox 1224 4705 1316 4755; x_wconf 76' lang='lat' dir='ltr'>sursum</span> <span class='ocrx_word' id='word_1_532' title='bbox 1327 4722 1380 4769; x_wconf 83' lang='lat' dir='ltr'>pro·</span> 
     </span>
     <span class='ocr_line' id='line_1_52' title="bbox 97 4770 1292 4834; baseline -0.002 -14"><span class='ocrx_word' id='word_1_533' title='bbox 97 4789 136 4820; x_wconf 78' lang='lat' dir='ltr'>ann</span> <span class='ocrx_word' id='word_1_534' title='bbox 146 4775 284 4822; x_wconf 79' lang='lat' dir='ltr'>brevitatem</span> <span class='ocrx_word' id='word_1_535' title='bbox 294 4780 461 4834; x_wconf 83' lang='lat' dir='ltr'>assequeretur,</span> <span class='ocrx_word' id='word_1_536' title='bbox 474 4770 548 4818; x_wconf 91' lang='lat' dir='ltr'>tutius</span> <span class='ocrx_word' id='word_1_537' title='bbox 558 4779 637 4816; x_wconf 88' lang='lat' dir='ltr'>tamen</span> <span class='ocrx_word' id='word_1_538' title='bbox 651 4780 674 4817; x_wconf 86' lang='lat' dir='ltr'>et</span> <span class='ocrx_word' id='word_1_539' title='bbox 684 4785 723 4818; x_wconf 87' lang='lat' dir='ltr'>ac-</span> <span class='ocrx_word' id='word_1_540' title='bbox 751 4770 808 4832; x_wconf 85' lang='lat' dir='ltr'>jecti</span> <span class='ocrx_word' id='word_1_541' title='bbox 818 4781 843 4820; x_wconf 89' lang='lat' dir='ltr'>et</span> <span class='ocrx_word' id='word_1_542' title='bbox 852 4772 883 4819; x_wconf 89' lang='lat' dir='ltr'>ad</span> <span class='ocrx_word' id='word_1_543' title='bbox 891 4771 1030 4819; x_wconf 86' lang='lat' dir='ltr'>altissimum</span> <span class='ocrx_word' id='word_1_544' title='bbox 1041 4771 1120 4820; x_wconf 88' lang='lat' dir='ltr'>locum</span> <span class='ocrx_word' id='word_1_545' title='bbox 1131 4771 1292 4834; x_wconf 84' lang='lat' dir='ltr'>pervenientis.</span> 
     </span>
    </p>
   </div>
   <div class='ocr_carea' id='block_1_6' title="bbox 0 0 1624 5446">
    <p class='ocr_par' dir='ltr' id='par_1_7' title="bbox 0 0 1624 5446">
     <span class='ocr_line' id='line_1_53' title="bbox 0 0 1624 5446; baseline 0 0"><span class='ocrx_word' id='word_1_546' title='bbox 0 0 1624 5446; x_wconf 95' lang='lat' dir='ltr'> </span> 
     </span>
    </p>
   </div>
  </div>
 </body>
</html>
