3188 5444
169 481 227 535 σεε
475 472 816 540 PHILOSOPHIAE
839 469 1116 537 NATURALIS
1167 467 1435 550 [Monam

147 648 291 716 infimum
306 646 454 736 cycloidis
464 659 627 732 punctum,
644 648 683 731 (Β)
700 660 731 710 et
746 647 806 710 erit
822 645 849 709 C
861 645 896 711 D
911 657 946 708 ut
960 644 1007 708 vis
1021 667 1041 708 a
1054 643 1210 732 grovime
1220 641 1368 719 oriunda,
1383 644 1435 730 qul

148 779 262 842 corpus
276 756 310 819 in
324 756 358 820 D
374 754 546 819 secundum
561 766 741 842 tangentem
763 752 912 839 cycloidis
931 764 1072 840 urgebit,
1099 773 1236 839 comque
1253 752 1383 816 babebit
1394 774 1435 816 ra·

148 866 265 930 tionem
276 862 317 925 sd
332 861 560 948 longitudinem
574 861 703 945 penduli
719 859 970 946 (l)quamhabet
984 860 1074 923 visin
1089 860 1123 924 D
1139 859 1180 922 ad
1196 859 1263 922 vim
1276 859 1435 946 gravitatis.

149 974 336 1057 Exponatur
351 970 447 1055 igitur
458 969 503 1032 vis
514 969 567 1031 illa
575 991 632 1053 per
647 967 875 1056 longitudinem
886 968 914 1031 C
927 967 971 1043 D,
987 979 1019 1030 et
1032 966 1078 1029 vis
1093 965 1259 1053 gravimis
1274 987 1334 1049 per
1347 965 1435 1053 longi-

148 1079 290 1144 tudinem
304 1074 442 1159 penduli,
459 1088 492 1138 ct
506 1076 531 1138 si
545 1076 578 1137 in
593 1075 667 1140 DE
682 1075 822 1160 capiatur
837 1075 870 1139 D
884 1073 915 1138 K
931 1075 964 1136 in
979 1070 1015 1136 eri
1027 1073 1148 1136 ratione
1160 1071 1203 1135 ad
1213 1072 1433 1158 longitudinem

148 1189 278 1276 penduli
300 1208 394 1272 quam
415 1184 510 1248 habet
532 1185 706 1249 resistentis
720 1185 761 1250 ad
773 1183 970 1273 gravitatem,
993 1181 1052 1245 erit
1066 1181 1101 1247 D
1119 1181 1153 1245 K
1170 1202 1340 1265 exponens
1354 1181 1434 1244 resis-

148 1301 266 1366 tentiae.
311 1297 429 1362 Centro
446 1298 473 1361 C
488 1309 520 1360 et
541 1296 704 1360 intervallo
727 1296 754 1360 C
771 1300 799 1359 A
823 1295 873 1360 vel
896 1294 925 1358 C
941 1292 969 1356 B
992 1304 1193 1356 construatur
1220 1289 1434 1355 semi-drudus

151 1408 181 1472 B
196 1406 258 1471 Ee
275 1407 314 1469 Α.
358 1406 526 1471 Describat
539 1419 644 1471 autem
659 1426 773 1489 corpus
788 1422 930 1488 tempore
944 1401 1039 1487 qutim
1053 1400 1188 1464 minimo
1204 1399 1346 1484 spatium
1365 1397 1432 1475 Dd,

150 1527 182 1580 et
196 1515 306 1579 erectis
320 1516 551 1598 perpendiculis
566 1517 600 1581 D
617 1515 656 1593 Ε,
672 1513 695 1578 d
710 1537 728 1579 e
743 1511 1002 1579 circumferentiae
1024 1509 1268 1576 occurrentibus
1283 1510 1319 1574 in
1333 1509 1431 1586 Este,

155 2739 246 2793 erunt
260 2727 329 2791 hoec
342 2740 379 2791 nt
393 2726 569 2792 velocitates
584 2750 661 2813 quas
676 2748 790 2810 corpus
812 2727 845 2790 in
865 2750 973 2805 vacuo,
997 2726 1223 2792 descendendo
1236 2751 1258 2792 a
1272 2742 1390 2815 puncto
1407 2724 1438 2800 Β,

155 2838 328 2924 acquireret
342 2838 376 2900 in
389 2836 466 2901 locis
489 2838 523 2902 D
538 2850 570 2902 et
584 2839 615 2901 d.
662 2837 754 2901 Patet
775 2837 836 2902 hoc
858 2842 929 2923 (per
945 2841 1040 2923 Prop.
1057 2839 1134 2904 LII.
1151 2838 1228 2904 Lib.
1246 2841 1304 2922 l.).
1348 2838 1441 2922 Expo-

155 2961 271 3011 nantur
292 2949 397 3036 itaque
412 2948 463 3012 hae
478 2948 655 3012 velocitates
669 2970 727 3033 per
741 2949 964 3032 perpendicula
979 2950 1032 3012 illa
1052 2950 1085 3014 D
1103 2949 1142 3026 Ε,
1160 2949 1185 3012 d
1200 2973 1219 3014 e
1227 2975 1237 3027 ς
1262 2951 1366 3038 sitque
1378 2947 1407 3013 D
1420 2943 1441 3009 l'

155 3056 301 3123 velocitas
327 3082 421 3144 quam
443 3060 575 3145 acquirit
596 3059 629 3121 in
651 3059 685 3123 D
708 3059 850 3123 cadendo
864 3060 905 3124 de
920 3061 949 3125 B
964 3062 995 3124 in
1011 3060 1116 3124 medio
1137 3063 1322 3128 resistente.
1367 3054 1442 3126 Etti

157 3181 265 3232 centro
282 3169 309 3233 C
324 3182 356 3233 et
376 3169 541 3233 intervallo
565 3168 637 3232 CF
660 3169 854 3233 describatur
875 3171 1010 3236 circulus
1034 3170 1094 3234 Ff
1104 3169 1144 3235 M
1168 3194 1346 3238 occurrens
1368 3164 1443 3233 rectit

156 3273 257 3338 dcet
273 3275 303 3338 A
321 3276 395 3339 Bin
411 3275 428 3337 f
438 3289 469 3339 et
486 3275 535 3352 M,
562 3275 595 3360 (¹)
612 3277 671 3340 erit
695 3275 733 3339 M
755 3276 842 3341 locus
865 3278 905 3342 ad
928 3301 1021 3365 quem
1042 3279 1196 3364 deinceps
1219 3282 1291 3346 sine
1314 3279 1444 3349 ulteriore

156 3379 329 3446 resistentid
345 3383 534 3459 ascenderet,
551 3396 582 3446 et
597 3382 619 3446 d
633 3383 650 3445 f
659 3383 805 3448 velocitas
821 3408 915 3471 quam
929 3386 1104 3472 acquireret
1118 3387 1153 3450 in
1174 3389 1208 3453 d.
1253 3390 1353 3456 Unde
1365 3388 1444 3453 etim

157 3491 183 3554 si
200 3492 227 3554 F
240 3490 416 3578 gdesignet
426 3492 597 3555 velocitatis
612 3506 805 3557 momentum
819 3496 904 3581 quod
919 3519 1031 3581 corpus
1047 3497 1080 3561 D
1096 3497 1319 3565 describendo
1328 3497 1445 3585 spatium

156 3621 250 3684 quam
266 3600 429 3664 minimum
445 3601 478 3665 D
494 3603 526 3678 d,
542 3625 583 3666 ex
598 3603 772 3667 resistentib
787 3606 883 3668 medii
898 3607 1027 3683 amittit3
1050 3619 1082 3671 et
1097 3623 1246 3673 sumatur
1265 3610 1295 3675 C
1312 3610 1345 3675 N
1358 3627 1445 3694 toqui·

156 3707 193 3771 lis
211 3709 292 3795 Cg:
317 3710 377 3773 erit
393 3711 425 3775 N
439 3711 526 3775 locus
541 3712 582 3775 ad
597 3735 690 3798 quem
713 3736 824 3798 corpus
846 3716 993 3800 deinceps
1016 3717 1083 3780 sine
1105 3716 1264 3785 ulteriore
1288 3714 1445 3786 resistendi

156 3818 345 3897 ascenderet,
362 3832 394 3884 et
409 3819 450 3885 M
466 3822 498 3886 N
513 3824 572 3886 erit
587 3824 820 3888 decrementum
843 3826 989 3891 ascensirs
1003 3849 1044 3890 ex
1058 3826 1239 3893 velocitatis
1263 3831 1349 3896 illius
1369 3826 1446 3894 amit

157 3929 244 3992 sione
259 3929 436 3993 oriundum.
483 3932 536 3994 Ad
559 3933 613 3995 df
632 3933 814 3999 demittatur
834 3937 1093 4020 perpendiculum
1118 3937 1207 4017 Fm,
1232 3955 1269 4004 et
1291 3937 1445 4006 velocitatis

155 4034 235 4098 DF
260 4035 494 4101 decrementum
520 4039 583 4126 Fg
606 4063 624 4102 a
647 4041 818 4106 resistentib
843 4044 876 4108 D
894 4045 926 4108 K
948 4046 1101 4132 genitum,
1129 4047 1193 4110 erit
1219 4049 1264 4113 ad
1292 4045 1446 4115 velociori

156 4142 296 4227 ejusdem
310 4141 540 4210 incrementum
555 4147 573 4210 f
581 4170 613 4211 m
628 4171 647 4211 a
661 4150 692 4211 vi
709 4151 736 4214 C
752 4151 787 4215 D
801 4152 952 4238 genitum,
970 4166 1003 4214 ut
1017 4153 1064 4214 vis
1079 4175 1241 4239 generans
1266 4157 1303 4222 D
1321 4157 1353 4223 K
1366 4154 1401 4242 (¹)
1411 4147 1444 4215 td

157 4335 242 4384 limum
252 4355 333 4387 arcum
345 4356 416 4403 quem
427 4357 512 4402 corpur
523 4342 548 4389 in
565 4342 708 4390 medionon
723 4344 792 4391 resis-
823 4345 886 4391 enim
906 4344 1050 4392 velocitatem
1067 4346 1167 4394 baberet
1187 4362 1280 4410 cupos
1299 4349 1324 4398 in
1344 4350 1374 4404 η
1392 4339 1446 4394 κδ

157 4408 221 4447 tente
231 4404 359 4452 oscillnndo
370 4405 480 4454 describit
494 4405 589 4454 indues
603 4409 792 4470 partesoequales
822 4410 912 4456 seclusi
933 4409 997 4455 omui
1019 4409 1149 4457 resistendi
1180 4415 1337 4472 pecuniane
1361 4410 1446 4474 μ’,

157 4462 248 4512 orum.
611 4508 613 4511 .
825 4474 845 4521 c
860 4474 922 4521 r-
936 4475 955 4521 c
970 4474 1000 4527 n.
1021 4484 1046 4520 et
1062 4473 1117 4522 nee
1133 4478 1191 4534 (per
1206 4478 1284 4526 mous
1295 4470 1446 4527 cmm)

190 4528 225 4591 (¹)
239 4533 252 4559 ”
269 4533 299 4582 Et
315 4536 426 4584 ericen
442 4546 469 4584 ot
485 4538 665 4598 momoitote
679 4540 788 4595 mado,
821 4537 1264 4600 inlocodhcberetvelocitaterndf,
1281 4553 1305 4591 et
1320 4545 1346 4591 in
1361 4532 1446 4589 lant!

157 4592 200 4639 dac.
219 4605 282 4653 putet
293 4611 334 4655 per
344 4598 469 4645 demonstr.
488 4600 556 4660 Prop.
571 4600 617 4647 Ll.
632 4601 685 4648 Lib.
701 4601 722 4648 l.
822 4602 920 4649 nullam.
1454 4616 1459 4633 ·

190 4657 254 4718 (“)’
270 4661 346 4711 Quom
364 4666 429 4711 tabet
447 4667 482 4713 vit
501 4667 527 4713 ln
541 4668 568 4713 D
584 4668 615 4712 aa
629 4668 675 4713 mm
689 4668 789 4727 ponito·
855 4666 891 4730 (ι)
905 4669 971 4714 ·A‹1
987 4670 1033 4714 vim
1050 4681 1208 4728 generem
1226 4675 1293 4721 CD-
1330 4664 1447 4719 &sntf-

157 4723 659 4788 ars,perCor.1·PropL1.etnot⁴sa.
682 4729 734 4777 Lib.
750 4730 771 4777 1.
821 4731 969 4778 velocitstum
989 4731 1106 4779 elementa
1128 4732 1187 4782 dato
1208 4736 1324 4797 temporis
1344 4740 1447 4783 m

190 4785 222 4850 (¹)
235 4789 248 4815 ⁶
262 4789 316 4836 Erit
334 4792 366 4837 M
378 4792 442 4840 locun
453 4796 485 4840 od
500 4810 575 4855 quem,
596 4793 638 4840 &c-
672 4794 789 4842 Eamdem
821 4795 906 4857 gerute,
920 4805 946 4842 ut
957 4796 1015 4842 vires
1025 4809 1168 4859 mentes
1180 4805 1234 4862 (13.
1250 4801 1306 4849 [ὦ.
1322 4800 1363 4860 l.).
