3188 5444
186 561 249 622 sao
474 549 813 616 ruinosomum
837 522 1112 615 uarunams
1175 546 1290 629 [uos.
1306 547 1460 615 mima.

167 726 226 790 &c
272 723 305 808 (Ι)
322 722 365 787 Et
378 720 428 783 hae
443 721 609 808 gravitates
630 719 733 784 ductae
748 720 781 782 in
796 718 973 782 altitudines
985 717 1017 781 A
1032 716 1072 795 B,
1092 713 1121 778 B
1136 717 1174 794 C,
1193 717 1280 796 CD,
1305 721 1365 785 &c
1387 742 1460 787 con·

169 830 275 895 ficient
300 830 476 914 pressiones
501 828 533 892 A
550 829 596 906 H,
615 830 643 892 B
660 828 686 905 Ι,
705 829 733 893 C
750 829 793 907 K,
818 830 877 895 &a
905 829 1016 914 quibus
1042 827 1173 893 fundum
1200 829 1232 893 A
1248 829 1280 895 T
1295 831 1328 895 V
1355 833 1458 918 (juxa

169 940 348 1005 Theorema
364 938 453 1019 XV.)
481 950 618 1026 urgetur.
664 939 804 1003 Sustinet
825 961 901 1027 ergo
922 936 1076 1022 particula
1097 939 1129 1003 A
1150 939 1330 1023 pressiones
1352 963 1456 1008 omnes

168 1051 200 1115 A
217 1050 263 1127 H,
281 1049 310 1114 B
325 1048 352 1125 Ι,
371 1047 399 1112 C
416 1048 458 1124 K,
475 1047 508 1112 D
525 1047 564 1125 L,
591 1046 629 1133 (¹)
652 1049 813 1136 pergendo
834 1050 867 1111 in
887 1049 1062 1126 infinitum
1085 1061 1117 1113 et
1137 1049 1294 1134 particula
1319 1043 1349 1117 Β
1369 1074 1456 1137 pres·

167 1160 270 1223 siones
292 1180 401 1223 omnes
415 1170 531 1243 praeter
544 1159 678 1242 primam
694 1159 726 1222 A
742 1160 779 1223 H
788 1183 797 1236 ;
824 1171 856 1223 et
868 1159 1023 1244 particula

170 1266 197 1331 C
212 1289 322 1331 omnes
343 1278 459 1351 praeter
481 1266 559 1329 duas
573 1267 691 1350 primas
706 1267 737 1329 A
754 1267 800 1345 H,
820 1267 900 1345 1313
923 1280 955 1332 et
975 1267 1020 1332 sic

166 1379 333 1463 deinceps:
356 1378 490 1464 ideoque
510 1378 673 1461 particulae
695 1378 806 1461 primae
832 1378 864 1441 A
885 1376 1022 1441 densitas

167 1486 198 1550 A
215 1487 261 1565 H,
288 1500 335 1550 est
360 1487 400 1550 ad
423 1485 586 1571 particulae
610 1485 756 1550 secundae
781 1488 810 1551 B
836 1486 1022 1551 densitatem

167 1595 571 1659 Blutsummaomnium
595 1594 681 1659 AH
701 1604 734 1670 -l-
754 1596 869 1673 ΒΗ-
890 1595 965 1660 CK
984 1603 1018 1671 -Ι-

165 1706 200 1772 D
215 1707 255 1784 L,
272 1707 305 1769 in
320 1707 487 1784 infinitum,
514 1706 554 1770 ad
570 1729 724 1770 summam
744 1706 885 1770 omnium
901 1704 930 1769 B
946 1704 963 1770 Ι
983 1713 1016 1781 ÷

166 1814 194 1878 C
211 1814 244 1879 K
263 1824 296 1890 ÷
316 1815 351 1881 D
368 1815 407 1892 L,
424 1818 482 1880 &a
529 1817 573 1879 Et
591 1816 621 1879 B
637 1816 654 1880 l
670 1815 806 1879 densitas
821 1815 968 1880 secundae
991 1813 1020 1878 B

163 1935 212 1987 est
225 1923 265 1988 ad
283 1923 311 1988 C
328 1925 361 1988 K
375 1924 562 1989 densitatem
583 1926 684 1989 tertiae
704 1925 742 2002 C,
767 1938 803 1989 ut
817 1947 939 1988 summa
953 1947 1021 1988 om-

163 2031 251 2095 nium
277 2032 616 2110 B1÷CK÷D
640 2036 768 2112 L,.&c.
800 2034 841 2098 ad
864 2055 1018 2097 summam

162 2141 303 2204 omnium
319 2141 348 2205 C
366 2142 397 2205 K
418 2152 451 2218 ÷
471 2142 505 2206 D
517 2141 557 2219 L,
574 2145 632 2208 &c
680 2144 762 2208 Sunt
775 2144 871 2231 igitur
885 2164 1016 2207 summae

161 2247 225 2310 illae
240 2248 426 2313 differentiis
449 2252 514 2315 suis
537 2254 568 2316 A
585 2254 632 2331 H,
661 2254 689 2317 B
706 2255 732 2333 l,
758 2256 786 2319 C
803 2256 846 2332 K,
870 2257 928 2320 &c
949 2277 1026 2339 pro·

161 2359 363 2443 portionales‚
392 2373 485 2447 atque
507 2363 580 2427 ided
602 2366 750 2429 continue
773 2363 1024 2450 proportionales

162 2471 234 2552 (per
247 2468 341 2554 hujus
357 2468 448 2533 Lem.
466 2469 506 2552 I.)
518 2473 712 2560 proindeque
723 2474 906 2539 differentiae
922 2475 952 2537 A
970 2473 1016 2550 H,

161 2574 229 2652 ΒΙ,
248 2575 332 2653 cK,
349 2578 406 2640 &c
424 2581 552 2643 summis
561 2581 820 2665 proportionales,
838 2592 912 2644 sunt
923 2581 1016 2643 etiam
1096 2603 1125 2652 'r

159 2690 308 2755 continue
318 2691 580 2778 proportionales.
629 2690 738 2766 Quare
759 2689 832 2754 clun
846 2688 1016 2754 densitates

159 2800 192 2863 in
206 2800 283 2864 locis
299 2802 339 2879 A,
357 2802 396 2879 B,
415 2801 452 2879 C,
469 2804 527 2867 &a
544 2800 607 2863 sint
621 2813 657 2863 ut
670 2800 702 2863 A
719 2798 766 2876 H,
785 2799 813 2862 B
831 2798 856 2875 Ι,
875 2798 904 2862 C
922 2798 963 2875 K,
987 2801 1044 2864 &c
1068 2813 1161 2865 erunt
1174 2802 1272 2866 etiam
1287 2802 1340 2867 he
1353 2803 1444 2871 coati-

158 2907 221 2972 nnd
235 2911 496 2994 proportionales.
542 2909 697 2996 Pergatur
710 2930 768 2994 per
783 2907 906 2985 saltum,
932 2920 1017 2972 etex
1032 2932 1124 2995 aequo
1139 2912 1171 2975 in
1188 2911 1348 2978 distantiis
1371 2915 1443 2991 SA,

158 3018 236 3097 SC,
254 3020 323 3085 SE
348 3021 494 3086 continue
515 3019 812 3104 proportionalibus,
836 3031 929 3082 erunt
943 3017 1110 3084 densitates
1136 3023 1163 3083 A
1183 3020 1231 3099 H,
1251 3023 1281 3086 C
1299 3023 1343 3098 K,
1368 3020 1443 3088 EM

156 3128 303 3193 continue
328 3129 588 3214 proportionales.
636 3128 678 3193 Et
693 3127 805 3191 eodem
831 3141 1025 3213 argumento,
1051 3128 1085 3190 in
1108 3127 1266 3192 distantiis
1292 3130 1444 3217 quibusvis

156 3236 303 3299 continue
317 3236 602 3321 proportionalibus
626 3235 705 3311 SA,
730 3236 752 3298 S
768 3233 812 3311 D,
837 3236 860 3298 S
876 3234 919 3311 G,
944 3233 1110 3297 densitates
1133 3235 1164 3297 A
1181 3235 1229 3313 H,
1255 3235 1291 3300 D
1307 3237 1347 3315 1,
1371 3237 1401 3303 G
1416 3236 1443 3302 0

156 3358 248 3409 erunt
263 3346 409 3409 continue
423 3345 682 3430 proportionales.
729 3344 851 3408 Co'e‘ant
867 3345 934 3429 jam
955 3358 1072 3430 puncta
1095 3345 1136 3424 A,
1155 3344 1195 3423 B,
1215 3347 1254 3424 C,
1273 3347 1320 3425 D,
1337 3347 1376 3426 E,
1391 3350 1442 3414 &c-

155 3478 194 3519 eo
209 3467 243 3519 ut
257 3455 437 3541 progressio
447 3456 631 3541 gravitatum
645 3454 861 3539 specificatum
876 3478 896 3517 a
909 3454 1009 3519 fundo
1024 3456 1056 3519 A
1071 3455 1110 3519 ad
1126 3458 1342 3523 summitatem
1361 3457 1443 3524 fluidi

155 3567 303 3629 continua
327 3565 486 3642 reddatur,
513 3578 545 3629 et
570 3567 602 3628 in
625 3565 779 3630 distantiis
806 3566 966 3652 quibusvis
990 3564 1138 3629 continue
1159 3568 1442 3651 proportionalibus

157 3676 235 3752 SA,
254 3676 336 3752 SD,
355 3677 378 3741 S
394 3676 436 3752 G,
453 3675 621 3739 densitates
637 3678 668 3739 A
685 3676 731 3752 H,
751 3675 784 3740 D
802 3675 840 3751 L,
860 3675 892 3739 G
910 3674 951 3751 Ο,
969 3697 1093 3759 semper
1108 3677 1282 3743 existentes
1304 3677 1441 3743 continui

153 3780 412 3866 proportionales,
428 3782 600 3845 manebunt
611 3782 780 3845 etiamnum
798 3779 945 3844 continud
960 3783 1222 3866 proportionales.
1272 3786 1315 3863 Q.
1331 3787 1401 3852 ad

199 3891 296 3952 Corol.
342 3888 430 3952 Hinc
445 3889 471 3951 si
485 3888 578 3952 detur
593 3888 730 3952 densitas
746 3888 835 3953 fluidi
851 3888 883 3950 in
898 3887 1021 3952 duobus
1036 3889 1123 3968 locis,
1139 3889 1218 3976 putri
1232 3893 1266 3957 A
1282 3908 1315 3958 et
1329 3895 1367 3972 F,
1383 3893 1438 3958 ool·

152 4079 195 4125 &a
219 4081 266 4129 sint
282 4080 392 4130 continue
411 4081 598 4143 proportionales,
617 4097 698 4129 earum
715 4081 782 4130 diffe·
855 4058 861 4076 Ι

152 4144 232 4190 rentiae
246 4150 269 4194 Δ
282 4146 313 4203 Β,
329 4148 349 4195 B
363 4147 392 4204 c,
405 4149 425 4194 c
436 4147 469 4204 D,
479 4147 522 4193 ἃς.
536 4146 591 4207 ipsis
601 4146 782 4208 mmmm
814 4116 869 4166 edm
881 4120 921 4182 (ex
929 4118 1057 4182 demonst)
1069 4120 1169 4184 gravitas
1180 4123 1291 4184 specifica
1300 4126 1331 4176 sit
1340 4138 1368 4176 ut
1378 4088 1434 4216 g,

152 4218 227 4256 erunt
710 4242 712 4245 ·
771 4276 777 4286 ·
813 4222 899 4282 pressio
910 4221 976 4269 fluidi
986 4222 1116 4284 cylindrici,
1133 4225 1203 4287 cujus
1213 4229 1360 4280 estaltitudo
1376 4232 1433 4292 AB,

185 4270 216 4334 (¹)
229 4276 242 4303 ‘
255 4277 290 4322 Et
305 4277 341 4322 ha
357 4277 479 4336 grunitum
498 4278 581 4332 ducta,
600 4275 642 4322 &c
679 4276 742 4322 Nam
758 4291 777 4323 si
810 4286 891 4333 erigut
904 4289 927 4333 Α
941 4286 976 4341 H,
988 4287 1203 4337 “indecem

151 4335 244 4394 pondus
254 4338 317 4399 quod
329 4339 431 4386 t‘undum
447 4337 585 4399 sphericum
604 4340 626 4385 A
641 4339 698 4386 TV
709 4341 778 4387 susti·

150 4409 198 4457 net,
216 4411 345 4461 exponatur
355 4419 396 4463 per
407 4403 537 4462 cylindrum
549 4407 616 4467 qu'us
625 4403 686 4452 basis
701 4420 778 4467 nqua-
845 4408 882 4473 (ἱ)
898 4414 951 4459 175.
971 4415 984 4442 ‘
999 4414 1154 4474 Pergendor'n
1164 4420 1295 4484 infinitum.
1330 4424 1432 4480 Quanto

151 4460 180 4509 lla
191 4464 221 4509 sit
231 4465 360 4524 superficiei
374 4468 397 4513 A
412 4467 468 4515 TV
483 4478 507 4514 et
517 4467 618 4514 altitudo
629 4467 710 4515 eadem
726 4484 780 4531 quae
812 4473 874 4519 enim
888 4477 941 4536 (per
954 4475 1033 4537 Hyp.)
1050 4476 1154 4527 densim
1169 4487 1337 4545 compressiooi
1353 4504 1433 4550 μψα.

149 4524 216 4574 tuidi
228 4529 390 4586 incumbentis,
403 4532 513 4579 volumen
524 4531 591 4579 fluidi
602 4532 721 4593 cylindrici
737 4548 780 4592 pro
811 4538 905 4584 tinnulis
922 4549 963 4591 est,
984 4541 1025 4587 ubi
1043 4546 1186 4604 compressio
1205 4549 1274 4596 nulla
1292 4553 1373 4609 evadit,
1390 4568 1433 4599 ers·

149 4590 274 4638 altitudine
288 4593 309 4639 A
325 4594 402 4643 Berit
416 4597 437 4643 A
451 4597 474 4643 Τ
486 4597 508 4642 V
518 4602 544 4654 Χ
560 4598 582 4643 A
598 4597 627 4653 B,
640 4594 738 4658 idedque
749 4600 779 4645 ob
812 4601 886 4649 nescit
896 4618 989 4666 quoque
1005 4605 1116 4665 densitas,
1134 4626 1186 4668 seu,
1207 4611 1310 4662 fluidum
1321 4615 1434 4665 AtinAuitd

149 4653 228 4702 datam
239 4657 385 4715 supen‘iciern
400 4662 421 4706 A
436 4660 499 4718 TV,
510 4660 553 4708 erit
562 4662 672 4708 volumen
683 4661 742 4708 illud
753 4671 781 4710 ut
812 4680 900 4722 rarum,
912 4684 939 4715 ac
950 4668 1047 4728 proinde
1057 4671 1083 4717 in
1094 4673 1217 4724 infinitum
1228 4680 1379 4740 expanditis·
1389 4681 1435 4728 ὠ·

151 4720 175 4766 A
189 4720 220 4778 B,
232 4721 401 4780 multiplicetur
411 4723 470 4771 illud
487 4740 529 4785 per
542 4726 679 4788 gravitatem
689 4725 781 4787 specill-
812 4731 872 4778 ratio
883 4731 1008 4780 voluminis
1023 4734 1054 4782 ad
1070 4739 1176 4787 materia
1185 4742 1343 4806 quadum
1357 4717 1434 4794 idm

147 4797 200 4832 um
211 4794 236 4834 et
245 4785 336 4834 factum
346 4786 391 4833 erit
401 4797 429 4834 ut
439 4787 532 4850 pondus
542 4805 584 4838 seu
595 4790 697 4851 pressim
708 4806 781 4853 quare
813 4795 895 4843 madar
906 4798 940 4862 (2.
956 4796 1008 4846 Lib.
1024 4798 1068 4862 1.).
