3202 5446
148 427 287 495 Liaaa
305 427 472 508 Pontus]
511 427 754 495 PRINCIPIA
779 427 1150 495 MATHEMATICA.
1426 439 1469 500 55

159 626 327 697 punctum
343 622 523 698 convergat,
539 609 590 674 vel
604 610 663 674 alid
687 610 872 697 quiscunque
894 611 964 698 lege
987 610 1212 689 constituatur3
1233 623 1337 676 tamen
1362 612 1470 702 anguli

169 724 210 803 D,
227 724 253 792 d
268 722 434 789 communi
449 721 518 809 lege
533 721 692 785 constituti
707 721 748 784 ed
763 721 971 807 aequalitatem
995 741 1118 804 semper
1132 733 1262 808 vergent
1285 732 1317 785 et
1339 721 1470 808 propius

172 831 326 897 accedent
340 828 382 893 ad
396 827 529 892 invicem
544 825 638 913 qudm
653 848 712 911 pro
734 826 907 891 differentia
930 825 1037 911 qudvis
1055 825 1220 913 assignatd,
1243 826 1376 914 ideoque
1398 828 1470 893 ulti·

175 964 220 1006 mo
234 935 380 1025 aequales
395 946 497 1012 erunt,
513 956 571 1019 per
586 934 677 998 Lem.
693 935 721 998 Ι.
736 946 768 997 et
782 947 949 1018 propterea
970 932 1062 996 lineae
1079 933 1106 998 B
1122 933 1166 1011 D,
1189 932 1248 997 bd
1269 948 1343 998 sunt
1363 935 1396 998 in
1418 934 1469 1000 ed-

176 1051 242 1117 dem
258 1048 385 1113 ratione
400 1046 441 1110 ad
455 1045 589 1109 invicem
603 1066 640 1107 ac
654 1041 750 1128 priris.
796 1043 839 1120 Q.
855 1066 882 1108 e.
899 1043 930 1107 d.

215 1162 322 1227 Corol.
341 1167 369 1223 1.
395 1156 491 1223 Unde
507 1156 578 1219 cum
593 1167 756 1242 tangentes
773 1154 799 1217 A
819 1153 862 1232 D,
888 1153 965 1230 Ad,
990 1174 1080 1216 arcus
1096 1153 1127 1216 A
1145 1152 1183 1230 D,
1208 1152 1284 1231 Ab,
1309 1170 1340 1218 et
1361 1176 1470 1219 eorum

177 1273 259 1337 sinus
275 1272 307 1336 B
324 1270 363 1347 C,
380 1268 401 1332 b
416 1291 434 1332 c
449 1267 527 1330 fiant
541 1265 652 1330 ultimo
668 1264 792 1328 chordis
808 1265 838 1328 A
855 1264 894 1342 B,
913 1265 942 1327 A
958 1264 979 1327 b
994 1262 1149 1349 aequales3
1172 1275 1264 1327 erunt
1285 1265 1380 1328 etiam
1401 1265 1471 1329 illo-

179 1404 243 1446 mm
259 1378 415 1468 quadratu
430 1376 540 1440 ultimo
555 1387 591 1437 ut
605 1373 761 1437 subtensae
778 1372 805 1436 B
821 1373 866 1450 D,
888 1371 909 1435 b
924 1372 957 1436 d.

218 1493 319 1556 Corol.
336 1498 369 1553 2.
391 1487 432 1573 (⁶)
448 1484 629 1550 Eorundem
653 1483 805 1570 quadrata
830 1496 903 1546 sunt
928 1483 1022 1546 etiam
1047 1481 1157 1545 ultimo
1184 1495 1219 1545 ut
1243 1495 1317 1546 sunt
1340 1505 1471 1547 arcuum

180 1599 310 1687 sagittae,
335 1617 407 1681 quae
423 1592 557 1657 chordas
571 1592 710 1657 bisecant
725 1604 756 1656 et
770 1591 810 1655 ad
832 1591 940 1654 datum
961 1602 1113 1675 punctum
1134 1604 1338 1678 convergunt.
1388 1592 1470 1657 Nam

180 1707 302 1795 sagittae
317 1703 379 1767 itlae
394 1716 469 1767 sunt
484 1713 519 1765 ut
533 1701 690 1765 subtensae
707 1700 736 1764 B
752 1701 796 1777 D,
812 1699 834 1763 b
852 1698 883 1762 d.

228 1815 328 1878 Corol.
343 1822 372 1876 3.
395 1813 432 1896 (²)
449 1810 590 1895 Ideoque
604 1809 717 1897 sagitta
732 1807 825 1872 estin
840 1804 998 1891 duplicatd
1013 1805 1132 1870 ratione
1151 1806 1298 1889 temporis
1320 1829 1383 1892 quo
1405 1830 1473 1871 cor·

185 1944 245 2007 pus
260 1918 334 1983 datia
348 1918 507 1983 velocitate
522 1917 669 1981 describit
683 1938 800 1981 arcum.

186 2105 333 2159 convergunt,
344 2095 379 2143 rel
394 2094 439 2143 uit
456 2094 605 2158 qudcumque
625 2094 745 2142 communi
762 2092 814 2156 lege
846 2102 962 2141 et‘rectoe
986 2093 1007 2141 B
1033 2093 1066 2149 D,
1090 2093 1106 2138 b
1127 2090 1150 2147 d,
1178 2089 1208 2138 ad
1234 2099 1369 2154 tangentem
1396 2091 1419 2138 A
1440 2093 1475 2146 D,

186 2161 359 2216 constituantur,
384 2169 462 2207 tamen
484 2159 565 2222 anguli
591 2160 622 2215 D,
646 2158 669 2215 d,
693 2158 813 2205 communi
847 2157 969 2214 normales,
981 2173 1022 2218 per
1038 2169 1125 2218 puncta
1136 2157 1195 2215 C,c,
1210 2171 1300 2216 semper
1315 2157 1432 2203 ducantur
1447 2157 1475 2204 li-

188 2225 236 2288 lege
251 2226 369 2273 ωιιαίωῑί
386 2225 519 2288 (punctisb
535 2234 558 2270 et
577 2225 597 2270 B
614 2223 645 2273 ed
662 2222 685 2270 A
703 2233 726 2269 et
745 2223 775 2269 ad
791 2238 816 2268 se
848 2238 899 2269 nete
911 2222 934 2269 E
949 2222 976 2277 C,
993 2237 1037 2276 ec,
1054 2221 1084 2269 ad
1100 2220 1181 2268 dutum
1197 2231 1312 2280 punctum
1330 2220 1365 2276 H,
1382 2235 1476 2267 couver-

187 2288 267 2338 mutud
276 2289 450 2351 recalentibus)
462 2287 493 2336 ad
502 2288 657 2351 equalitatem
669 2302 759 2348 semper
767 2302 816 2333 aer·
849 2295 939 2350 gentes,
950 2295 1101 2334 evanescente
1112 2300 1168 2332 arcu
1182 2285 1205 2332 A
1218 2284 1249 2342 B,
1260 2295 1329 2332 recte
1342 2285 1367 2332 D
1380 2285 1409 2341 B,
1425 2284 1476 2342 db,

852 3609 875 3646 et
891 3597 946 3658 ipsis
965 3596 1064 3660 aequales
1085 3597 1174 3659 sagitto
1201 3599 1222 3645 A
1242 3601 1269 3656 C,
1295 3603 1317 3648 A
1334 3618 1354 3658 c,
1377 3613 1432 3651 sunt
1452 3617 1480 3653 ut

851 3661 998 3725 tangentium
1018 3663 1040 3708 A
1054 3662 1087 3718 D,
1108 3664 1130 3709 A
1143 3662 1167 3719 d,
1185 3678 1282 3712 arcuum
1296 3667 1319 3712 A
1333 3667 1361 3719 B,
1381 3668 1403 3713 A
1416 3670 1439 3725 b,
1456 3680 1480 3717 et

852 3727 991 3774 chordarum
1015 3727 1037 3772 A
1057 3727 1087 3779 B,
1116 3728 1178 3783 Ab,
1203 3729 1314 3789 quadrata
1336 3735 1419 3795 (earet
1442 3734 1478 3795 Ι.)

851 3791 955 3852 adedque
974 3801 1001 3837 ut
1019 3790 1145 3851 duplorum
1163 3807 1261 3839 arcuum
1282 3794 1337 3841 FA
1353 3796 1381 3850 Β,
1398 3796 1412 3842 s
1421 3798 1443 3843 A
1455 3800 1478 3852 b,

851 3866 875 3902 et
885 3855 1023 3902 chordarum
1034 3855 1047 3901 s
1055 3857 1076 3907 b,
1091 3856 1111 3903 F
1123 3857 1154 3913 B,
1171 3855 1200 3902 iis
1215 3860 1314 3905 arcubus
1325 3862 1479 3910 evanescenti-

850 3922 895 3968 bus
907 3920 987 3983 (Lem.
1001 3919 1037 3980 t.)
1054 3920 1240 3983 congruentium,
1258 3933 1327 3984 atque
1343 3924 1412 3970 etiam
1428 3938 1479 3973 tan.

850 3986 957 4047 gentium
976 3984 1093 4046 quadrata.
1129 3985 1184 4033 Jum
1203 3986 1244 4032 ubi
1263 3997 1376 4046 punctum
1395 3990 1423 4047 C,
1439 4006 1478 4038 us.

851 4064 897 4110 que
908 4048 937 4095 ad
952 4050 982 4102 A,
994 4048 1089 4102 accedit,
1101 4049 1186 4096 chorda
1196 4065 1334 4098 evanescens
1346 4053 1368 4098 A
1380 4053 1411 4110 E,
1423 4071 1478 4102 cum

191 4121 250 4172 grat,
267 4121 290 4158 et
306 4120 459 4158 evanescente
474 4125 528 4156 arcu
548 4111 570 4157 B
586 4113 610 4167 b,
632 4110 737 4175 ededque
752 4112 816 4160 coin-
849 4123 960 4175 tangente
973 4112 996 4160 A
1011 4114 1041 4169 G,
1053 4114 1162 4160 coincidit
1182 4114 1261 4178 (Lem.
1276 4116 1312 4175 6.)
1332 4126 1356 4163 et
1374 4120 1478 4167 coeunti-

190 4175 316 4223 u'dent‘bue
331 4175 400 4222 lineis
419 4174 445 4220 H
465 4175 497 4229 D,
518 4175 542 4221 H
556 4174 580 4230 d,
598 4175 691 4236 propids
707 4177 817 4225 accedent
849 4179 894 4224 bus
904 4192 996 4239 quoque
1007 4176 1075 4224 lineis
1087 4177 1109 4224 E
1123 4178 1157 4232 H,
1170 4194 1183 4225 e
1197 4179 1230 4235 H,
1247 4179 1364 4242 triangula
1376 4183 1396 4230 C
1409 4184 1432 4230 E
1446 4187 1477 4242 A,

190 4240 216 4287 nd
227 4243 325 4287 iavioem
336 4254 409 4301 quam
420 4253 463 4299 pro
473 4238 603 4287 differendi
618 4240 699 4303 quiuis
714 4242 817 4304 assigne·
851 4256 889 4287 ce
902 4243 934 4298 A,
951 4241 1011 4288 fiunt
1021 4241 1112 4298 similia,
1130 4258 1156 4288 ac
1171 4243 1268 4303 proinde
1281 4244 1302 4290 E
1317 4246 1336 4292 C
1348 4249 1422 4294 estad
1433 4264 1446 4295 e
1457 4264 1478 4305 c,

189 4306 211 4351 ti
221 4321 249 4352 ae
259 4303 358 4366 proinde
376 4300 463 4350 ultimo
477 4303 577 4364 aequeles
593 4316 662 4352 erunt
679 4311 731 4369 (per
748 4306 816 4354 Lem.
852 4315 880 4352 ut
894 4308 914 4352 A
930 4306 958 4362 C,
969 4305 999 4352 ud
1013 4310 1034 4352 A
1047 4321 1067 4362 c,
1085 4308 1129 4354 hoc
1145 4316 1180 4354 est
1194 4318 1221 4353 ut
1232 4323 1328 4354 arcuum
1340 4325 1478 4360 evanescen-

192 4369 233 4431 1.),
250 4380 274 4416 et
289 4366 413 4429 proptera&
428 4367 496 4415 lineoe
514 4368 535 4414 B
550 4368 582 4425 D,
600 4370 649 4426 bd,
665 4380 721 4418 sunt
736 4369 820 4418 ultimo
852 4370 911 4415 tium
931 4370 951 4417 F
964 4372 986 4417 A
1000 4371 1029 4423 B,
1047 4371 1061 4417 s
1076 4371 1099 4419 A
1116 4374 1138 4428 b,
1155 4370 1292 4418 chordarum
1312 4373 1375 4432 FB,
1392 4377 1435 4433 sb,
1455 4388 1479 4425 et

189 4434 303 4494 pudicit
315 4443 340 4480 et
350 4432 376 4478 in
387 4430 469 4479 uidem
479 4432 568 4479 ratione
576 4433 605 4480 ad
613 4433 711 4482 invicem
720 4451 747 4482 ac
755 4434 820 4496 prius
852 4434 998 4497 tangentium
1010 4435 1127 4497 quadrata.

188 4500 268 4560 (tte.)
884 4500 919 4562 (D
940 4503 990 4546 127.
1011 4499 1115 4562 Ideoque
1125 4500 1214 4562 sagittae
1228 4501 1250 4546 A
1262 4502 1290 4559 C,
1305 4503 1358 4560 Ac,
1369 4504 1406 4551 vel
1416 4505 1438 4551 Ε
1448 4505 1476 4559 C,

218 4563 252 4625 (¹)
272 4568 325 4610 126.
350 4561 387 4608 Sit
408 4560 429 4607 1³
448 4561 470 4608 A
494 4561 522 4616 D,
543 4577 610 4609 arcus
627 4562 707 4611 circuli
724 4579 819 4612 curvam
851 4578 896 4617 ec,
909 4573 964 4611 sunt
974 4563 999 4609 in
1009 4562 1126 4623 duplicati
1142 4565 1231 4612 ratione
1247 4576 1378 4627 tempomm
1393 4569 1477 4630 quibus

188 4626 264 4674 &tam
280 4625 411 4674 osculantis
426 4625 450 4671 in
473 4627 505 4682 A,
527 4635 626 4687 tangens
643 4628 665 4673 A
687 4628 718 4685 D,
740 4628 819 4676 radius
850 4643 934 4688 corpus
944 4627 998 4675 dati
1008 4628 1127 4678 velocitate
1138 4630 1250 4689 percurrit
1260 4647 1327 4678 arctis
1340 4646 1475 4678 evanescen-

189 4691 296 4741 tantm
311 4691 341 4746 1..
359 4688 453 4738 chordo
466 4689 486 4737 1²
499 4691 529 4746 Β,
547 4690 737 4745 (Μάηάἰυιη
752 4695 772 4741 A
788 4694 817 4749 L,
851 4703 886 4740 tes
899 4693 1386 4751 FAB,fAb‚veldimidiosAB,Ab;
1405 4696 1476 4755 qaue

806 4779 856 4826 DA
