3202 5446
159 457 220 515 2⁴26
455 447 794 515 PHILOSOPHIAE
819 451 1092 519 NATURALIS
1165 454 1276 535 [Mor.
1290 455 1448 529 Coenon.

640 804 825 882 SECTIO
850 804 940 881 VII.

366 1052 426 1123 De
441 1074 624 1146 corporum
641 1072 782 1123 occentu
798 1060 832 1123 ct
842 1053 1004 1123 descensu
1020 1052 1205 1127 rectilineo.

337 1310 618 1378 PROPOSITIO
642 1311 794 1377 XXXII.
835 1312 1093 1380 PROBLEMA
1116 1317 1249 1383 XXIV.

163 1510 258 1574 Posito
273 1509 394 1592 quodvis
413 1511 575 1592 ceutripeta
589 1511 628 1572 sit
643 1506 788 1591 reciproci
803 1512 1039 1591 proportionalis
1058 1515 1205 1596 quadrato
1229 1515 1386 1579 distantia
1397 1518 1443 1581 lo·

196 1637 292 1678 comm
315 1638 336 1677 o
349 1623 457 1690 centro,
478 1616 578 1696 spotia
593 1616 715 1698 definire
735 1636 801 1697 quae
814 1636 916 1697 corpus
930 1612 1011 1679 rectd
1021 1620 1152 1681 cadendo
1166 1622 1246 1683 dotis
1264 1622 1442 1703 temporibus

197 1723 343 1787 describit.

198 1943 266 2005 Cas.
286 1949 312 2004 1.
337 1939 370 2004 si
386 1959 498 2021 corpus
520 1958 584 1999 non
613 1935 696 2000 cadit
709 1933 948 2020 perpendicula·
1011 1947 1043 2018 Α

156 2050 240 2125 riter,
257 2045 410 2110 describet
425 2042 457 2107 id
474 2059 543 2127 (per
560 2041 665 2105 Corol.
680 2050 706 2104 1.
725 2041 819 2125 Prop.
836 2040 950 2121 XIII.)

152 2155 321 2217 sectionem
345 2150 479 2235 aliquam
505 2148 644 2210 conicum
672 2149 757 2232 cujus
788 2146 951 2210 umbilicus

154 2260 300 2345 congruit
315 2279 386 2320 cum
410 2267 517 2318 contro
544 2254 665 2316 virium.
712 2253 760 2316 Sit
781 2253 876 2316 sectio
898 2252 951 2315 illa

154 2369 262 2432 conica
278 2368 308 2430 A
326 2366 355 2429 R
373 2363 481 2427 PBet
491 2362 656 2425 umbilicus
672 2363 736 2446 ejus
752 2364 784 2427 S.
830 2362 872 2426 Et
885 2362 951 2446 pri-

154 2499 207 2540 mo
222 2476 247 2538 si
261 2476 363 2561 figura
377 2471 493 2555 eIIIpsis
509 2485 571 2557 est3
594 2493 687 2554 super
702 2470 793 2556 hujus
810 2494 869 2535 axe
884 2494 950 2535 ma·

150 2589 221 2672 jore
238 2589 265 2650 A
286 2582 520 2649 Bdescribatur
535 2581 744 2644 semicirculus
761 2581 791 2644 A
808 2582 840 2645 Ι)
859 2582 895 2660 Β,
920 2596 951 2647 et

155 2717 214 2784 per
240 2716 352 2778 corpus
381 2691 527 2756 decidens
557 2704 692 2754 transeat
718 2704 802 2755 recta
829 2691 861 2754 D
879 2691 949 2756 PC

155 2800 417 2888 perpendiculams
433 2799 473 2863 ad
494 2821 605 2874 axem3
627 2799 763 2884 actisque
779 2798 811 2861 D
829 2801 862 2876 S,
884 2800 910 2863 P
927 2798 949 2862 S

153 2912 212 2977 erit
240 2934 313 2975 arca
336 2912 366 2975 A
389 2911 412 2975 S
437 2910 471 2975 D
500 2931 581 2973 arere
609 2908 734 2984 ASP,
758 2919 850 2992 atque
880 2907 950 2970 ideo

156 3018 249 3082 etiam
265 3018 397 3101 tempori
421 3014 671 3101 proportionalis.
717 3014 868 3079 Manente
892 3038 951 3080 axe

156 3129 188 3193 A
204 3129 233 3193 B
248 3129 405 3191 minuatur
427 3141 579 3211 perpetuo
601 3126 731 3190 latitudo
745 3125 896 3209 ellipseos,
921 3137 952 3189 et
1018 3162 1040 3239 S

152 3256 275 3319 semper
288 3233 425 3297 manebit
451 3255 522 3296 area
538 3234 568 3296 A
585 3232 657 3298 SD
673 3233 804 3316 tempori
819 3254 952 3316 propor·
1008 3262 1041 3336 Β

150 3344 283 3410 tionalis.
308 3345 345 3428 (θ)
370 3343 535 3407 Minuitur
561 3342 691 3406 latitudo
717 3342 770 3405 illa
795 3342 826 3403 in
848 3341 951 3404 infini-

149 3465 235 3515 tum:
259 3463 290 3513 et
304 3449 380 3513 orbe
399 3452 423 3511 A
443 3449 469 3512 Ρ
487 3449 514 3513 Β
535 3450 601 3534 jam
616 3447 808 3511 coincidente
834 3469 904 3510 cum
920 3468 979 3510 axa
997 3446 1072 3510 AB
1098 3459 1130 3509 et
1153 3446 1341 3512 umbiliooS
1363 3467 1438 3511 cum

148 3561 216 3623 axis
239 3558 372 3622 termino
390 3557 427 3634 B,
451 3555 618 3620 descendet
643 3577 756 3639 corpus
771 3555 802 3616 in
830 3557 912 3618 recti
929 3553 959 3616 A
976 3554 1015 3630 C,
1039 3568 1070 3616 et
1098 3575 1171 3616 area
1185 3554 1216 3616 A
1233 3552 1262 3618 B
1277 3552 1311 3617 D
1325 3552 1439 3621 evadet

148 3665 281 3751 tempori
308 3663 558 3749 proportionalis.
604 3662 741 3728 Dabitur
766 3661 870 3748 itaque
895 3662 1027 3746 spatium
1042 3661 1073 3724 A
1091 3660 1129 3738 C,
1152 3659 1236 3745 quod
1261 3682 1378 3745 corpus
1396 3661 1439 3727 de

180 3858 216 3923 (‘)
231 3862 287 3908 sal.
307 3859 412 3906 lenna.
433 3857 458 3904 Si
479 3857 586 3905 iectionis
607 3856 694 3904 conica
714 3856 776 3904 latua
808 3868 883 3905 meter
898 3857 1006 3904 auctionis
1015 3858 1101 3905 ooniooe
1111 3872 1165 3905 cum
1176 3855 1348 3905 uecoineidit.
1378 3859 1436 3908 Por·

147 3933 237 3970 rectum
247 3921 277 3970 nd
287 3937 355 3969 uem
366 3932 520 3968 mererium
532 3922 648 3983 pertinens
664 3921 776 3982 perpetuo
807 3920 834 3969 rb
851 3921 956 3969 ordinata
972 3938 1012 3983 per
1028 3922 1164 3969 umbilicum
1183 3921 1277 3983 aqualia
1287 3931 1322 3968 et
1337 3922 1436 3975 dont&

148 3987 273 4039 minuatur.
286 3997 308 4034 et
320 3985 415 4033 undem
426 4000 552 4042 manmit,
572 3998 682 4033 manente
692 3986 774 4033 καὶο-
806 3986 871 4033 lateri
890 3998 952 4033 recto
970 3986 1036 4048 (vid.
1054 4003 1103 4047 sup
1125 3986 1148 4032 in
1162 3985 1263 4042 conteis,
1276 3986 1363 4033 'l'beor-
1379 3988 1431 4038 III.

147 4052 184 4097 nia
200 4066 243 4098 are
265 4061 401 4106 uenirem,
419 4065 501 4096 omnes
521 4050 551 4097 ad
572 4066 639 4097 uem
661 4050 774 4097 ordinata
805 4050 836 4097 de
849 4050 1058 4111 Hyperbolaetde
1071 4050 1188 4110 uutpuet
1201 4051 1254 4098 eor.
1274 4050 1295 4098 1.
1308 4050 1435 4103 ‘Iliamb

148 4114 260 4175 perpetui
270 4115 409 4162 minuuntur
424 4124 448 4161 et
466 4114 560 4161 tandem
580 4123 727 4170 winemunt,
747 4129 774 4161 ac
806 4114 836 4162 de
856 4116 951 4175 Pmb)
971 4114 1075 4177 ndetique
1090 4114 1228 4176 quadratum
1247 4113 1338 4161 dimidii
1357 4115 1436 4166 Iunia

148 4182 269 4239 pertinetur
279 4179 385 4227 iectionis
396 4194 450 4226 curn
462 4190 537 4225 areat
548 4178 651 4225 umbilici
662 4179 776 4225 comario
807 4179 863 4227 recti
874 4190 908 4226 eat
923 4179 953 4226 ud
973 4179 1134 4241 rectangulum
1151 4195 1178 4226 ea
1195 4178 1309 4225 dannot·
1327 4181 1435 4231 mutuat

149 4243 271 4290 verticibus
291 4242 433 4290 coincidunt.
470 4243 514 4290 Eat
535 4243 606 4298 enim,
625 4248 664 4306 (cx
687 4243 774 4302 tunic.)
807 4244 961 4300 averticibus,
986 4254 1013 4290 ut
1034 4243 1095 4290 latus
1113 4255 1202 4290 rectum
1223 4242 1253 4290 ud
1272 4258 1341 4290 uem
1360 4254 1432 4293 tm»

148 4306 260 4353 ordinata
282 4308 383 4382 cujusvis
403 4306 542 4370 quadratum
564 4306 594 4354 ud
613 4308 775 4369 rectangulum
807 4323 906 4364 versum,
929 4306 993 4356 und&
1014 4308 1175 4369 rectangulum
1199 4310 1242 4354 tub
1266 4308 1350 4369 quarti
1370 4320 1438 4368 m

148 4370 688 4419 abacianmrnrnmtionedntilateriarectiud
707 4387 775 4418 uem
807 4373 883 4420 lateris
901 4373 956 4420 recti
975 4384 999 4420 et
1017 4387 1059 4419 ue
1078 4382 1205 4419 transeam
1222 4382 1328 4433 aquetur
1344 4384 1438 4423 reatu.

149 4445 319 4492 transversim
337 4435 437 4498 quartat
453 4446 562 4483 monetata
572 4452 615 4483 are
634 4446 776 4493 ιηηπεηος
809 4437 868 4499 gulo
885 4452 913 4484 cx
933 4437 1046 4483 distantiis
1057 4436 1160 4482 umbilici
1177 4436 1346 4495 averticibu5
1362 4438 1439 4500 (μηδ

150 4496 231 4559 adat'tq·
253 4508 277 4544 et
297 4501 447 4559 obstinatam
474 4501 616 4562 rettungulo,
644 4500 705 4546 latua
728 4516 776 4547 rec»
809 4513 958 4548 ammoto
976 4500 1046 4548 latere
1063 4512 1125 4548 racto
1140 4511 1163 4546 et
1179 4510 1287 4546 minente
1299 4514 1344 4548 ate
1359 4512 1437 4551 tnu-

151 4573 202 4610 tum
222 4562 333 4621 perpetui»
351 4565 470 4611 minuatur
490 4579 517 4611 uc
535 4564 627 4610 tandem
650 4575 776 4620 munerat,
808 4581 880 4621 verso,
892 4564 1373 4627 mctangulumaubdiatintiisumbilicia
1385 4582 1440 4616 vu·

151 4625 263 4673 ordinata
280 4626 418 4688 quadratum
439 4629 542 4690 edatque
561 4639 585 4675 et
600 4628 705 4675 ordiam
728 4630 777 4690 ipn
809 4630 893 4677 titibus
909 4629 1001 4676 nullum
1021 4630 1054 4687 Iit,
1071 4640 1094 4678 et
1112 4629 1236 4678 umbribus
1254 4643 1310 4675 cum
1328 4631 1442 4691 potuim

151 4688 262 4752 perpetui
272 4690 386 4739 minuitur
396 4704 419 4741 et
435 4693 529 4741 tandem
544 4693 666 4752 cromacit,
683 4704 706 4741 et
716 4694 776 4756 peri-
808 4695 891 4742 verice
907 4693 1022 4743 coiaddit.
