3202 5446
497 492 498 496 ’
631 495 880 562 PREFATIO.
1354 511 1387 571 xi

102 667 263 734 reseratur.
310 669 386 745 Quo
400 691 492 734 sensu
506 670 688 736 mechanica
699 671 858 736 rationalis
873 672 932 735 erit
951 671 1080 736 scicntia
1100 683 1253 753 motuum,
1277 678 1331 760 qui
1352 695 1393 739 ex

101 777 217 841 viribus
232 777 472 863 quibuscunque
485 777 645 855 resultant,
661 791 693 843 et
708 779 820 842 virium
842 799 913 865 quoe
934 777 976 842 ad
996 792 1099 843 motus
1121 803 1324 868 quoscunque
1343 803 1394 847 re·

101 885 278 969 quiruutur‚
302 883 447 948 accurate
465 887 627 971 proposita
646 911 683 951 ac
705 888 925 952 demonstrata.
972 888 1050 953 Pars
1072 889 1141 954 haec
1162 891 1353 956 mechanicae
1374 915 1394 956 a

101 992 256 1056 veteribus
270 993 305 1055 in
318 992 466 1076 potentiis
480 993 619 1080 quinque
633 994 674 1058 ad
688 1007 770 1060 artes
784 995 945 1060 manuales
956 998 1171 1081 specmntibus
1182 999 1308 1064 exculta
1321 998 1391 1077 fixit,

104 1101 156 1185 qui
170 1100 358 1188 gravitatem
373 1104 457 1184 (cum
472 1103 613 1185 potentia
626 1103 777 1168 manualis
791 1125 856 1168 non
871 1104 923 1183 sit)
944 1104 998 1167 vix
1012 1105 1102 1170 aliter
1116 1128 1210 1191 quarn
1225 1108 1256 1169 in
1272 1107 1393 1192 ponde·

104 1210 189 1274 ribus
203 1232 261 1295 per
275 1210 432 1295 potentias
446 1209 516 1274 illas
530 1211 691 1276 movendis
706 1212 952 1277 considerarunt.
1000 1213 1067 1277 Nos
1081 1227 1262 1303 autemnon
1273 1215 1393 1280 artibus

104 1319 159 1383 sed
173 1317 384 1405 philosophiae
398 1318 605 1397 consulentes,
621 1320 722 1407 deque
736 1321 883 1404 potentiis
897 1343 962 1384 non
977 1323 1173 1386 manualibus
1189 1322 1245 1386 sod
1265 1337 1393 1388 natura-

103 1428 183 1493 libus
198 1428 379 1506 scribentes,
395 1452 434 1492 ea
447 1429 583 1493 maxime
597 1442 775 1508 tractamus,
792 1453 863 1518 quae
878 1431 919 1495 ad
933 1433 1127 1520 gravitatem,
1144 1433 1311 1512 levitatem,
1328 1436 1393 1498 vim

104 1538 271 1616 elasticam,
287 1539 493 1604 resistentiam
507 1540 675 1604 fluidorum
690 1553 722 1604 et
736 1540 888 1626 ejusmodi
902 1542 983 1606 vires
998 1564 1053 1606 seu
1068 1544 1246 1608 attractivas
1261 1566 1316 1608 seu
1334 1545 1392 1608 im-

103 1649 238 1734 pulsivas
254 1661 414 1735 spectant:
438 1663 470 1713 et
484 1650 520 1714 ei
533 1664 673 1736 propter,
689 1649 759 1714 haec
780 1663 888 1714 nostra
908 1663 1056 1737 tanquam
1078 1651 1286 1737 philosophiae
1307 1656 1392 1737 prin·

104 1758 184 1842 cipia
197 1759 418 1822 mathematica
430 1758 644 1843 proponimus.
683 1757 796 1823 Omnis
811 1758 894 1821 enim
908 1757 1116 1843 philosophiae
1130 1759 1295 1824 difficultas
1310 1761 1342 1823 in
1353 1784 1392 1826 eo

105 1865 222 1928 versari
235 1865 367 1942 ridetur,
384 1879 419 1929 ut
433 1888 453 1929 a
465 1865 681 1950 phoenomenis
694 1877 838 1927 motuum
853 1865 1074 1951 investigemus
1088 1866 1169 1929 vires
1184 1879 1314 1944 nature,
1336 1866 1392 1932 de·

20 1949 27 1961 ’
104 1971 179 2034 inde
194 1971 234 2035 ab
248 1970 295 2034 his
308 1972 427 2036 viribus
442 1972 690 2036 demonstremus
702 1970 912 2057 phaenomena
926 1971 1054 2057 reliqua.
1101 1971 1144 2034 Et
1164 1970 1227 2035 huc
1249 1984 1392 2056 spectant

104 2082 332 2166 propositiones
346 2082 518 2170 generales,
534 2104 611 2168 quas
625 2081 707 2146 libro
721 2081 825 2166 primo
840 2091 871 2144 et
886 2078 1024 2143 secundo
1038 2079 1306 2163 pertractavimus.
1351 2080 1398 2146 In

105 2187 183 2252 libro
203 2200 310 2252 autem
335 2188 428 2253 tertio
449 2188 628 2271 exemplum
650 2187 742 2272 hujus
764 2187 811 2250 rei
831 2185 1052 2272 proposuimus
1072 2206 1131 2268 per
1152 2183 1391 2268 explicationem

104 2297 276 2382 systematis
290 2296 451 2361 mundani.
498 2296 546 2362 lbi
562 2297 655 2374 enim,
672 2318 713 2360 ex
726 2295 941 2382 phaenomenis
961 2293 1147 2371 coelestibus,
1168 2316 1227 2379 per
1247 2294 1391 2379 proposi-

103 2404 200 2468 tiones
215 2405 250 2467 in
264 2404 353 2468 libris
366 2404 524 2488 prioribus
538 2402 755 2467 mathematice
770 2403 1008 2476 demonstratas,
1029 2401 1209 2465 derivantur
1223 2401 1304 2465 vires
1318 2423 1391 2489 gra·

27 2525 31 2535 '
101 2514 210 2590 vitatis,
227 2512 343 2599 quibus
358 2533 493 2596 corpora
506 2511 547 2575 ad
562 2511 659 2575 solem
674 2524 707 2574 et
719 2510 860 2596 planetas
874 2508 1014 2597 singulos
1027 2508 1170 2572 tendunt.
1209 2507 1335 2573 Deinde
1349 2532 1391 2574 ex

101 2621 147 2684 his
161 2622 282 2686 viribus
296 2641 355 2706 per
368 2620 597 2706 propositiones
612 2620 704 2682 etiam
719 2617 962 2694 mathematicas,
979 2615 1177 2680 deducuntur
1199 2630 1302 2680 motus
1321 2617 1390 2702 pla·

101 2743 252 2807 netarum,
269 2741 472 2804 cometarum,
487 2728 572 2791 lunae
586 2740 619 2791 et
632 2727 737 2790 maris.
782 2726 913 2792 Utinam
928 2738 1042 2789 caetera
1051 2736 1173 2788 naturoe
1182 2724 1391 2808 phaenomena

101 2859 139 2899 ex
161 2836 326 2921 principiis
351 2834 540 2899 mechanicis
564 2832 676 2897 eodem
702 2831 942 2921 argumentandi
966 2852 1081 2920 genere
1106 2831 1248 2896 derivare
1272 2831 1389 2898 liceret.

104 2946 184 3010 Nam
198 2945 300 3009 multa
312 2967 364 3009 me
377 2955 515 3021 movent,
538 2955 574 3006 ut
587 2942 730 3006 nonnihil
744 2942 882 3026 suspicer
896 2965 935 3005 ea
948 2940 1055 3009 omnia
1068 2962 1108 3004 ex
1122 2941 1240 3007 viribus
1262 2943 1390 3028 quibus·

100 3058 170 3123 dam
184 3055 326 3141 pendere
339 3076 441 3138 posse,
458 3053 571 3140 quibus
586 3073 753 3137 corporum
764 3051 925 3136 particulae
944 3072 1002 3136 per
1023 3072 1131 3115 causas
1152 3052 1293 3116 nondum
1315 3075 1390 3141 cog·

101 3167 178 3230 uitas
192 3165 243 3229 vel
257 3166 292 3228 in
306 3186 341 3228 se
356 3162 466 3227 mutub
481 3162 684 3248 impelluntur
698 3175 731 3226 ct
740 3162 913 3227 secundum
923 3160 1041 3249 figuras
1049 3161 1207 3250 regulares
1218 3163 1386 3239 oohaerent,

102 3275 147 3339 vel
162 3275 203 3338 ab
218 3273 351 3337 invicem
373 3271 521 3359 fugantur
543 3284 575 3335 et
596 3270 765 3335 recedunt:
788 3269 900 3355 quibus
921 3268 1038 3332 viribus
1060 3269 1185 3356 ignotis,
1208 3268 1389 3356 philosophi

102 3381 248 3448 hactenus
262 3395 407 3446 naturam
422 3378 537 3444 frustra
551 3391 720 3444 tentarunt.
766 3379 866 3462 Spero
881 3388 985 3440 autem
1000 3377 1085 3463 quod
1099 3377 1149 3441 vel
1163 3377 1237 3441 huic
1249 3377 1389 3464 philoso-

102 3492 217 3576 phandi
231 3490 338 3568 modo,
355 3490 404 3554 vel
419 3490 532 3554 veriori
547 3488 648 3567 alicui,
664 3488 819 3574 principia
832 3487 885 3551 hic
904 3488 1006 3572 posita
1026 3487 1128 3552 lucem
1150 3489 1284 3576 aliquam
1306 3511 1389 3575 prte-

102 3600 225 3665 bebuna

144 3711 180 3775 ln
195 3712 246 3775 his
260 3711 402 3787 edendis,
418 3711 466 3774 vir
480 3710 675 3775 acutissimus
690 3708 768 3773 etin
790 3707 875 3771 omni
897 3707 1058 3771 literarum
1079 3728 1194 3795 genere
1216 3706 1389 3771 eruditissi-

100 3838 167 3881 mus
183 3817 371 3881 Edmundus
389 3817 535 3881 Halleins
550 3839 678 3902 operam
694 3815 828 3892 navavit,
845 3836 903 3878 nec
918 3815 1020 3879 solum
1035 3814 1267 3901 typothetarum
1282 3817 1388 3901 sphal-

100 3937 180 3986 mata
194 3923 333 3988 oorrexit
347 3935 379 3986 et
392 3922 551 3988 schemata
564 3922 660 4003 incidi
675 3921 802 3998 curavit,
819 3920 875 3985 sed
889 3922 981 3985 etiam
996 3935 1105 3986 auctor
1125 3920 1193 3999 fuit,
1216 3936 1253 3986 ut
1273 3923 1388 3990 horum

100 4031 265 4096 editionem
280 4030 478 4119 aggrederer.
524 4031 652 4116 Quippe
667 4053 739 4094 cum
753 4030 997 4095 demonstratam
1011 4053 1031 4093 a
1045 4052 1095 4093 me
1115 4029 1249 4117 figuram
1264 4032 1387 4098 orbium

100 4139 270 4204 ooelestium
291 4138 519 4220 impetraverat,
542 4160 654 4226 rogare
676 4159 740 4202 non
767 4137 893 4214 destitit,
920 4150 957 4201 ut
981 4137 1112 4201 candem
1138 4160 1209 4200 cum
1233 4138 1388 4206 Societate

103 4247 211 4336 Regali
226 4245 501 4323 communicarem,
518 4267 588 4331 quae
609 4245 722 4310 deinde
743 4244 917 4309 hortatibus
940 4257 972 4308 et
992 4245 1135 4333 benignis
1157 4246 1220 4309 suis
1242 4249 1389 4334 auspiciis

100 4356 209 4433 effecit,
225 4367 262 4418 ut
283 4353 324 4417 de
344 4351 453 4418 atdem
475 4354 508 4416 iu
530 4352 633 4417 lucem
654 4351 823 4416 emittendi
846 4353 983 4440 cogitare
1005 4352 1186 4437 inciperem.
1231 4355 1277 4418 At
1301 4370 1388 4441 post.

100 4487 191 4552 quam
204 4475 350 4528 motuum
364 4462 521 4527 lunarium
536 4462 762 4548 inaequalitates
777 4484 942 4549 aggressus
957 4485 1066 4541 essem,
1089 4463 1203 4528 deiude
1219 4466 1310 4529 etiam
1327 4467 1388 4530 alia

101 4587 217 4638 tentare
231 4574 408 4657 ooepissem,
424 4591 495 4654 qure
509 4571 549 4636 ad
563 4571 649 4660 leges
664 4584 696 4635 et
707 4593 870 4635 mensuras
884 4573 1044 4660 gravitatis
1059 4585 1090 4637 et
1111 4573 1242 4638 aliarum
1263 4576 1386 4648 virium,

101 4697 131 4746 at
144 4681 261 4769 figuras
276 4706 295 4746 a
311 4680 495 4766 corporibus
510 4681 681 4746 secundum
696 4680 784 4746 datas
799 4703 999 4769 quascunque
1013 4682 1098 4771 leges
1113 4687 1251 4751 attractis
1271 4683 1387 4750 descri-
