3202 5446
165 449 281 529 Linus
303 454 468 537 Primos]
516 456 759 526 PRINCIPIA
784 458 1160 531 MATHEMATICA.

166 641 190 682 e
206 617 230 684 h
244 642 301 686 xa
323 621 598 688 incidentibussd
620 647 645 703 r,
674 648 705 712 q,
732 649 765 712 p,
789 640 822 693 et

165 730 256 796 inter
276 731 386 810 ketz,
409 733 467 797 iet
481 757 513 819 y,
536 733 606 799 het
619 757 652 813 x,
676 735 820 800 incurva·

169 840 222 918 tis,
239 840 431 907 delineatum
452 856 508 907 est.
553 843 656 932 Igitur
679 845 721 908 ob
745 867 819 909 ona·

172 950 289 1037 mgiam
304 973 375 1038 quae
390 966 439 1015 est
460 953 542 1017 inter
558 957 818 1042 propagationem

170 1058 333 1124 radiorum
359 1061 437 1125 lucis
463 1049 495 1126 et
519 1084 722 1151 progressum
748 1088 818 1131 cor·

168 1189 295 1252 porum,
320 1169 421 1233 visum
446 1184 493 1235 est
513 1173 745 1258 propositiones
768 1199 818 1240 se-

170 1295 302 1362 quantes
317 1279 351 1342 in
367 1302 441 1343 usus
463 1281 585 1365 opticos
607 1283 816 1372 subjungere3
943 1348 953 1380 ⁸,
1000 1365 1005 1376 .
1047 1349 1057 1377 .-

168 1385 291 1450 interea
315 1387 356 1452 de
378 1391 490 1453 naturai
513 1390 674 1455 radiorum
697 1397 816 1478 (utrum
1125 1398 1128 1405 ’

169 1494 232 1559 sint
247 1518 382 1581 corpora
396 1499 508 1578 necne)
520 1499 600 1564 nihil
611 1501 741 1566 omnino
752 1498 816 1567 dis·
901 1481 924 1592 3':
951 1478 977 1592 ξ’·
1002 1497 1022 1595 ξ’

166 1615 293 1686 putans,
332 1604 387 1669 sed
424 1608 617 1692 trejectories
646 1590 816 1695 corporum
939 1622 951 1692 ς’
989 1605 1005 1692 ;“’
1108 1660 1112 1668 ·

164 1710 358 1797 trejectoriis·
378 1713 741 1801 radiorumpersimiles
765 1742 816 1784 so·
872 1726 892 1773 0
931 1702 949 1782 ii
978 1742 1003 1794 a

163 1820 330 1910 lummodo
345 1822 566 1889 determinans.

346 2117 631 2187 PROPOSITIO
655 2122 799 2188 XCVII.
846 2121 1106 2190 PROBLEMA
1131 2119 1274 2231 xtvll.

162 2313 266 2380 Posito
280 2318 360 2399 quod
371 2318 453 2379 simu
467 2317 639 2380 incidentiae
652 2320 684 2380 in
699 2320 877 2402 superficiem
892 2321 1025 2403 aliquam
1039 2322 1078 2384 sit
1098 2323 1141 2383 ad
1160 2324 1255 2385 sinum
1275 2329 1460 2409 emergentia

204 2425 238 2487 ia
252 2423 327 2487 clatri
341 2426 483 2494 rationes
507 2429 639 2510 quodque
654 2430 820 2491 incurvatio
834 2431 892 2493 riioe
905 2430 1154 2515 corpommjuaia
1175 2435 1364 2521 superficiem¹
1375 2437 1457 2498 illam

163 2578 166 2584 ·
188 2535 307 2618 stria
318 2537 417 2616 spatio
431 2537 609 2613 brevissimo,
625 2540 705 2620 quod
718 2547 750 2599 rit
759 2548 900 2620 punctum
923 2541 1108 2604 consideran·
1123 2545 1241 2624 possit.-
1264 2545 1460 2607 determinare

202 2646 391 2728 rupeificiem,
408 2667 474 2728 qius
490 2649 660 2728 corpuscula
676 2648 776 2710 omnia
791 2650 904 2712 deloco
918 2650 990 2712 dato
1002 2648 1156 2714 mccessiod
1170 2653 1326 2715 manantia
1340 2672 1459 2717 corium-

198 2754 381 2839 geresaciat
394 2757 438 2816 ad
450 2756 542 2817 aliam
557 2756 657 2825 loom
663 2756 774 2819 datum.

203 2945 253 3012 Sit
273 2947 302 3010 A
327 2945 414 3010 locus
436 2970 456 3009 a
478 2968 541 3032 quo

159 3054 536 3141 corpusculodivergunu

159 3163 189 3228 B
203 3164 291 3229 locus
305 3165 338 3226 in
353 3186 446 3249 quem
462 3186 537 3228 con·

157 3292 286 3360 vergere
295 3270 424 3346 debent3
443 3271 538 3336 CDE

156 3402 252 3446 curva
267 3380 348 3445 linea
368 3404 439 3467 qum
455 3383 537 3446 circa

155 3511 247 3553 axem
277 3489 307 3552 A
337 3488 366 3553 B
395 3489 536 3554 revoluta
588 3482 633 3592 A*

155 3596 311 3662 describat
337 3599 532 3681 superficiem
951 3653 953 3657 ,

155 3707 340 3794 quaesitam3
364 3707 409 3782 D,
428 3706 457 3769 E
472 3728 576 3770 curvm
591 3707 675 3786 illius
689 3719 808 3792 punctu
822 3695 893 3769 ¹duo
914 3707 1053 3792 quaevis;
1075 3721 1108 3771 et
1123 3708 1152 3773 E
1169 3709 1205 3787 F,
1224 3709 1303 3776 EG
1324 3732 1458 3795 perpen-

154 3816 259 3881 dicula
285 3817 317 3879 in
344 3817 486 3900 corporis
512 3817 577 3880 vias
604 3818 634 3880 A
651 3817 694 3892 Ι),
720 3817 753 3882 D
772 3816 800 3880 B
826 3816 970 3881 demissa.
1015 3817 1156 3884 Accedat
1179 3835 1332 3904 punctum
1359 3821 1393 3887 D
1417 3822 1458 3885 od

153 3937 307 4010 punctum
324 3922 373 3999 E;
396 3939 428 3986 et
442 3924 534 3987 lineae
550 3923 583 3988 D
602 3923 639 4002 F,
655 3922 716 4009 qui
734 3925 764 3987 Α
781 3922 814 3987 D
830 3936 973 4011 augetur,
990 3924 1031 3988 ad
1046 3925 1160 3990 lineam
1178 3927 1213 3990 D
1231 3928 1274 4004 G,
1285 3992 1287 3997 ,
1298 3926 1360 4013 qui
1376 3926 1411 3992 D
1429 3929 1458 3993 B

151 4134 199 4171 tam
209 4122 390 4184 puitonphmdi
402 4123 523 4178 rationem,
544 4120 569 4168 in
586 4131 676 4169 nature
692 4121 788 4181 pheno-
820 4120 865 4168 diis
871 4122 940 4184 objici
947 4139 955 4180 ς
969 4122 1115 4171 Lm‘bnitzius
1122 4124 1146 4171 in
1156 4125 1224 4171 Actis
1231 4124 1385 4172 Eruditorum
1399 4126 1471 4189 cip·-

152 4203 223 4235 mena
233 4188 337 4248 primum
349 4188 463 4236 debemus
478 4187 604 4249 diligenter
620 4184 745 4247 inquirere,
762 4195 790 4232 ut
820 4186 937 4233 aiensibus
956 4201 994 4233 nn.
1015 4193 1082 4235 1682.
1096 4204 1151 4251 pag.
1168 4194 1219 4237 185.
1242 4189 1287 4236 hic
1306 4190 1367 4237 farri
1381 4192 1456 4253 hypo-

152 4252 232 4316 ponci
242 4263 323 4300 motus
332 4268 456 4313 corporum
468 4265 598 4312 eorumque
612 4250 677 4312 leger
693 4260 717 4296 et
732 4265 788 4296 cau·
822 4250 889 4307 thesi,
902 4251 965 4312 quod
975 4251 1056 4298 lumen
1069 4269 1082 4298 a
1094 4264 1182 4312 puncto
1190 4253 1293 4300 radiante
1302 4256 1330 4300 orl
1340 4267 1456 4315 punctum

150 4317 655 4378 umuiaousiuveaigaieeicognosceoe
664 4314 786 4375 possimus.
821 4313 988 4362 illustrandum
1011 4314 1050 4363 vid
1072 4316 1177 4362 omnium
1201 4317 1312 4364 facillimi
1328 4321 1454 4378 perveniet,

153 4384 274 4430 Ceterum
286 4382 311 4428 in
322 4383 478 4441 phaenomena
490 4379 621 4427 reflexionis
631 4394 659 4427 ac
670 4378 789 4426 refractio-
821 4380 868 4441 qui
879 4379 949 4426 etism
969 4395 1027 4427 usus
1045 4390 1096 4428 eret
1113 4381 1181 4427 anteri
1203 4381 1349 4440 ferinium
1368 4384 1392 4431 H
1397 4398 1456 4447 uge-

149 4447 188 4494 πίε
198 4446 259 4494 lueis
268 4461 398 4509 eorumque
404 4461 486 4493 causas
493 4444 648 4507 inquisierunt
656 4443 787 4504 philosophi
821 4444 875 4490 nius
887 4445 910 4490 in
922 4454 1020 4491 uastam
1031 4444 1061 4492 de
1073 4445 1163 4492 lumine
1174 4460 1214 4506 per
1231 4455 1338 4494 naturum
1354 4451 1456 4498 undula·

148 4526 179 4560 et
197 4511 356 4558 mammarii
374 4510 524 4561 celeberrimi.
545 4510 663 4556 eortasius
680 4523 732 4568 cap.
751 4507 788 4555 20.
823 4508 895 4555 tionis
913 4508 1009 4555 luminis
1026 4525 1075 4556 rem
1096 4519 1168 4556 totam
1186 4509 1292 4570 explicat,
1311 4521 1335 4559 et
1351 4513 1455 4562 loannes

149 4575 277 4637 ὡραῖαι
294 4591 338 4636 per
355 4576 419 4638 leges
438 4573 559 4637 generales
575 4573 789 4636 resolutionemque
824 4573 975 4621 Bernoullius
987 4574 1010 4621 iri
1024 4574 1092 4621 Actis
1104 4573 1168 4634 Lips.
1183 4580 1305 4623 entim.
1325 4592 1352 4623 ex
1365 4578 1454 4639 aquili.

149 4650 310 4698 mirorum
395 4641 473 4687 nendo
490 4638 574 4685 lumini
590 4638 705 4685 minorem
721 4638 789 4686 resis-
821 4637 865 4684 brii
877 4638 1032 4686 lundunento
1042 4654 1094 4687 erm
1107 4637 1291 4702 ingeniositimd
1301 4641 1406 4693 deduxit.

149 4706 249 4754 urbm
261 4706 294 4765 in,
398 4706 450 4753 'bus
468 4718 540 4768 quem
556 4701 581 4750 in
598 4703 724 4751 rarloribus
739 4716 789 4750 me-

759 4788 783 4837 1)
794 4783 811 4830 d
824 4794 839 4834 ‘l
