3188 5444
246 444 288 498 60
503 432 841 499 PHILOSOPHIAE
865 431 1138 499 NATURALIS
1237 428 1348 503 [Mor.
1365 437 1518 497 Consor-

234 604 364 693 quicum
385 618 487 667 motus
513 618 617 668 cessat
664 604 707 667 Et
728 605 867 668 similiter
891 627 948 689 per
967 605 1108 669 ultimam
1136 605 1288 668 rationem
1312 610 1520 691 quantitatum

231 713 486 788 evanescentium,
509 711 741 798 intelligendam
767 734 831 774 esse
855 713 1008 775 rationem
1033 713 1249 798 quantitatum,
1273 733 1338 775 nou
1352 726 1522 799 antequam

230 832 424 897 evanescunt,
448 840 511 881 uon
525 831 642 902 postea,
666 817 721 881 sed
743 817 875 903 quicum
897 832 1091 882 evanescunt.
1138 819 1258 883 Pariter
1279 831 1311 882 et
1324 820 1404 883 ratio
1418 822 1521 904 prima

230 927 421 989 nascentium
445 937 490 987 est
515 926 594 988 ratio
614 923 746 1010 quicum
769 939 947 989 nascuntur.
992 925 1034 989 Et
1055 947 1176 990 summa
1189 926 1292 1010 prima
1306 941 1337 989 et
1351 926 1521 991 ultimaest

166 1076 174 1093 ι
230 1032 363 1119 quicum
378 1054 443 1095 esse
458 1031 520 1115 (vel
535 1033 641 1118 augeri
655 1032 833 1111 autminui)
848 1032 1000 1115 incipiunt
1014 1044 1046 1096 et
1059 1045 1186 1095 cessant.
1221 1032 1319 1096 Extat
1329 1032 1417 1096 limes
1425 1055 1520 1120 quem

230 1141 372 1203 velocitas
395 1140 428 1201 in
443 1138 506 1201 fine
520 1138 621 1201 motin
643 1138 794 1225 attingere
814 1151 925 1222 potest,
948 1161 1012 1201 non
1027 1151 1131 1201 autem
1145 1127 1328 1225 managiedi.
1374 1138 1459 1203 Hac
1473 1150 1523 1203 tat

228 1246 372 1310 velocitas
381 1246 498 1308 uldma.
543 1244 654 1329 Etpar
664 1255 710 1308 est
720 1245 800 1308 ratio
807 1245 913 1308 limitis
924 1245 1130 1330 quantitatum
1152 1255 1183 1308 et
1195 1244 1433 1329 proportionum
1448 1267 1520 1309 orn·

227 1355 314 1416 nium
324 1352 537 1437 incipientium
548 1363 579 1415 et
586 1351 777 1414 cessantium.
824 1351 965 1436 Cumque
976 1351 1028 1414 hic
1041 1349 1129 1413 limes
1144 1351 1183 1413 sit
1197 1363 1299 1414 certus
1312 1362 1344 1414 et
1358 1350 1518 1429 definitus,

227 1461 389 1543 problema
400 1470 445 1522 est
455 1457 528 1522 versi
539 1459 762 1545 geometricum
776 1457 909 1521 eundem
924 1457 1139 1522 determinare.
1164 1456 1519 1522 Geometricaverdom·

227 1567 279 1630 uia
289 1568 322 1628 in
333 1566 398 1629 aliis
409 1565 602 1652 geometricis
612 1564 853 1628 determinandis
863 1587 900 1628 ac
910 1563 1156 1629 demonstrandis
1166 1563 1302 1650 legitime
1317 1576 1513 1649 usurpantur.

271 1672 426 1738 Contendi
449 1673 541 1736 etiam
561 1683 671 1755 potest,
698 1671 783 1757 quod
804 1671 961 1735 sidentur
982 1671 1099 1735 ultimae
1114 1671 1319 1756 quantitatum
1333 1692 1518 1734 evanescen-

226 1779 304 1842 tium
329 1779 471 1856 rationes,
495 1777 651 1841 dabuntur
674 1790 706 1841 ct
729 1777 848 1842 ultimae
870 1778 1111 1866 magnitudines:
1135 1789 1166 1841 et
1187 1776 1230 1839 sic
1246 1778 1398 1862 quantitas
1412 1777 1518 1841 omnia

258 1974 300 2037 (ἲ)
314 1977 368 2018 141.
385 1971 440 2027 Seu,
449 1969 606 2033 quantitatum
617 1968 854 2017 determinatarumet
882 1974 945 2032 joret
955 1968 992 2016 vel
1002 1969 1119 2025 minores;
1131 1967 1151 2014 si
1162 1968 1226 2015 enirn
1237 1975 1352 2027 punctum
1366 1965 1395 2019 B,
1407 1964 1513 2013 velocius

226 2035 407 2089 indivisibilium,
420 2033 469 2090 sed,
480 2035 523 2081 &c
885 2048 976 2092 semper
985 2032 1147 2094 progrediatur
1156 2047 1227 2093 quam
1239 2040 1353 2091 punctum
1367 2030 1395 2085 C,
1407 2028 1433 2076 in
1447 2028 1513 2077 linei

260 2107 311 2149 142
334 2095 367 2148 Ut
377 2098 534 2161 quantitatum
549 2097 735 2143 evanescentium
746 2105 789 2144 aut
799 2112 851 2143 nas-
886 2097 907 2144 Β
921 2099 948 2150 C.
971 2097 1113 2142 incrementa
1135 2097 1155 2142 B
1174 2098 1197 2149 b,
1218 2094 1311 2141 fluentis
1329 2095 1352 2140 A
1373 2093 1404 2147 B,
1421 2092 1512 2154 majora

226 2164 330 2212 centium
340 2161 464 2209 relationes
480 2170 549 2222 atque
565 2160 714 2220 proprietates
731 2160 852 2207 invenian-
883 2170 953 2207 erunt
963 2160 1111 2206 incrementis
1121 2162 1143 2208 Ε
1153 2158 1304 2216 c,lluentisB
1318 2158 1345 2210 C,
1357 2156 1440 2203 eodem
1451 2165 1513 2202 tern-

224 2238 272 2283 tur,
302 2225 479 2273 considerantum
499 2223 640 2285 quantitates
661 2222 740 2276 finitis,
767 2225 852 2270 harum
883 2240 938 2284 pore
948 2224 1041 2287 genitis.
1078 2222 1311 2284 Velodtatesquibus
1319 2220 1359 2267 illa
1367 2221 1513 2268 incrementa

225 2290 394 2351 investigantur
404 2288 527 2334 relationes
536 2297 561 2333 et
570 2287 721 2347 proprietates
729 2297 752 2333 et
759 2286 796 2334 lea
804 2287 852 2348 qui
883 2298 911 2334 ut
923 2289 944 2336 Β
955 2290 977 2341 b,
992 2288 1015 2334 Ε
1026 2303 1046 2340 c,
1059 2286 1140 2335 eodem
1151 2299 1255 2347 tempore
1265 2286 1351 2349 genita,
1367 2283 1444 2345 primii
1455 2299 1509 2331 naa-

225 2351 337 2402 contiund
356 2360 464 2398 crescunt
473 2349 510 2397 vel
532 2349 682 2408 decrescunt;
698 2351 783 2412 quibus
793 2365 849 2412 cog-
881 2363 975 2409 cuntur,
984 2351 1042 2397 dum
1052 2352 1162 2414 nempeb
1173 2366 1193 2404 c,
1206 2349 1316 2397 coincidit
1326 2364 1381 2395 cum
1395 2349 1417 2395 Β
1431 2349 1459 2404 C,
1471 2348 1510 2395 di.

224 2418 280 2464 nitia
306 2414 375 2462 facile
397 2414 537 2477 intelligitur
564 2429 673 2476 quanam
699 2416 851 2475 proprietates
882 2427 968 2464 cuntur
996 2419 1094 2470 arunas,
1106 2428 1129 2464 et
1140 2415 1264 2463 methodus
1282 2428 1311 2460 er
1330 2412 1458 2459 fluentibus
1468 2411 1506 2459 in·

221 2480 390 2543 quantitatibus
400 2479 447 2524 illis
457 2478 612 2525 crescentibus
622 2493 649 2524 ac
667 2476 857 2535 durescentibus,
882 2481 964 2527 venien
982 2481 988 2491 '
1000 2479 1122 2538 fluxiones,
1134 2477 1258 2527 methodus
1269 2476 1401 2524 fluxionem
1418 2475 1508 2523 directa

225 2559 316 2604 semper
326 2542 471 2595 conveniant,
484 2540 588 2604 adebqus
598 2551 622 2588 et
632 2556 688 2589 cum
697 2542 723 2588 in
732 2542 850 2589 infinitum
881 2555 989 2601 sontum
997 2543 1122 2591 methodus
1130 2542 1184 2590 rard
1191 2557 1221 2589 ea
1231 2541 1374 2589 fluxionibus
1383 2540 1506 2586 iuvenies.

222 2609 362 2655 minuuntur
377 2617 400 2653 et
418 2615 564 2659 emuescunt,
584 2605 621 2652 rel
636 2621 692 2652 cum
711 2616 844 2652 nascuntur.
879 2602 1507 2673 difluemeamctltoduaflationuminoermappellatur.

223 2670 277 2720 lnrti
288 2669 343 2718 rard
353 2686 382 2717 ex
394 2670 517 2717 Lemmata
528 2670 603 2729 primo
618 2668 715 2731 aliisque
730 2671 847 2731 sequenti-
912 2677 964 2720 145.
987 2671 1126 2720 velocitates
1143 2672 1227 2734 quibus
1248 2669 1372 2715 fluentium
1388 2667 1505 2730 quantitas

220 2738 265 2784 bus
274 2735 506 2796 inveniturquoenam
516 2732 843 2795 aiutproprietatasquaelicet
874 2745 925 2782 tum
937 2736 1079 2782 incrementa
1096 2736 1179 2783 eodem
1195 2747 1299 2794 tempore
1315 2732 1403 2795 genita,
1427 2731 1503 2792 primii

219 2799 388 2862 quantitatibus
403 2798 475 2845 finitis
489 2812 537 2845 noa
548 2797 692 2851 conveniant,
705 2812 842 2844 vanescen-
874 2810 1009 2855 nascuntur,
1021 2809 1075 2846 sunt
1092 2800 1333 2846 uniformes-Dens.
1370 2796 1435 2843 eum
1450 2810 1504 2842 ear·

219 2865 282 2912 tibus
302 2872 381 2910 nmen
405 2872 429 2909 et
450 2861 597 2909 nascentibus
623 2870 765 2921 competunt,
788 2876 843 2908 cum
874 2878 903 2910 ra
918 2865 940 2910 A
952 2864 1000 2919 Cc,
1014 2873 1080 2910 motu
1092 2863 1173 2924 puncti
1187 2863 1214 2918 C,
1226 2862 1346 2909 velocitate
1356 2859 1439 2922 quiris
1449 2858 1503 2905 tini-

220 2925 304 2988 nempd
322 2927 463 2988 quantitates
481 2925 555 2972 finita
571 2925 728 2972 decrescentes
750 2923 780 2972 ad
802 2925 855 2973 illas
874 2927 897 2974 ti
910 2927 1078 2990 progredientis
1098 2926 1196 2974 describi
1214 2926 1324 2986 possitsi
1342 2923 1407 2970 illius
1419 2923 1500 2979 puncti

219 2991 375 3051 proprietates,
388 2999 415 3037 ut
425 2989 458 3037 iat
468 2988 545 3036 dicam
554 2987 666 3049 perpetui
676 2988 798 3045 oecedunt,
818 3001 842 3037 et
873 2992 981 3038 velocitas
1003 2991 1132 3038 secundum
1143 2994 1294 3043 directiomm
1304 2988 1324 3037 C
1333 2987 1364 3044 E,
1373 2985 1442 3032 lint!
1450 2983 1473 3030 Α
1483 2981 1504 3029 Β

218 3054 247 3101 ad
261 3070 300 3101 eas
315 3064 418 3114 tempore
433 3053 488 3101 dato
504 3052 618 3100 accedunt
633 3053 707 3116 magis
717 3051 788 3114 quim
799 3068 841 3114 pro
914 3054 1057 3116 parallelam,
1079 3067 1223 3116 supponatur
1240 3054 1369 3107 uniformis,
1392 3052 1502 3099 velocitas

218 3117 349 3165 differentii
359 3117 439 3180 quiris
450 3116 511 3164 dati.
876 3119 982 3183 ejusdem
997 3119 1127 3167 secundiani
1143 3119 1294 3165 directionem
1311 3115 1366 3172 lic,
1385 3131 1429 3178 pro
1440 3116 1503 3162 sarii

233 3180 273 3228 Ea
279 3177 462 3241 precedentibus
468 3174 631 3224 Lemmattbus
636 3179 705 3227 sacili
719 3178 842 3227 deducitur
875 3199 952 3231 curvae
965 3185 988 3230 A
1002 3184 1022 3231 C
1033 3183 1143 3238 cnaturi,
1156 3183 1322 3244 variaquidem
1331 3181 1376 3229 erit
1386 3182 1412 3227 in
1423 3180 1504 3227 diser·

192 3259 197 3269 ·
217 3246 426 3302 acdemonstratur
438 3247 591 3293 Newtoniona
607 3243 739 3290 fluxionum
750 3246 840 3291 metho-
870 3248 991 3294 siscurvae
1007 3247 1106 3308 punctis.
1126 3264 1147 3292 r.
1161 3263 1195 3309 gr.
1214 3247 1240 3293 in
1259 3247 1285 3301 C,
1303 3255 1327 3293 et
1341 3260 1370 3304 c3
1387 3243 1432 3292 aed
1453 3240 1502 3305 qud

216 3308 262 3355 dus
278 3309 346 3371 cujus
362 3308 480 3370 generalia
495 3308 608 3368 principia
624 3318 652 3354 ut
667 3306 721 3367 poti
738 3308 805 3355 nobis
814 3309 840 3355 in
871 3313 948 3374 magis
959 3322 1073 3371 punctum
1084 3327 1103 3364 c,
1116 3311 1146 3358 ad
1160 3312 1186 3365 C,
1199 3309 1299 3364 accedet,
1318 3308 1436 3376 edminor
1456 3307 1500 3356 etit

217 3383 335 3433 posterum
345 3371 467 3432 profutura
477 3372 576 3418 breviter
585 3371 758 3432 explicabimus.
872 3376 998 3423 velocitatis
1013 3375 1144 3423 secundum
1160 3373 1310 3422 necaonem
1329 3375 1352 3422 Β
1363 3388 1384 3428 c,
1396 3373 1496 3420 variatio

251 3442 305 3484 143.
334 3436 483 3490 Quantitates
505 3435 690 3482 indeterminatas
711 3450 765 3496 quae

218 3497 331 3547 coaunud
341 3510 449 3546 cresctuu
459 3498 496 3546 vel
504 3498 649 3553 decrescunt,
667 3498 765 3546 vadabi-

220 3563 254 3611 les
264 3574 306 3610 aut
316 3564 415 3610 fluentes
425 3563 549 3620 dicuntur;
567 3573 700 3610 constantes
710 3562 765 3609 verti

220 3638 262 3675 aut
269 3626 429 3675 determinata
445 3637 563 3680 vocantur.
581 3642 634 3689 quse
644 3626 696 3673 aliis
706 3641 762 3673 con-

219 3690 288 3740 tinuti
298 3691 454 3740 crescentibus
464 3690 501 3737 vel
511 3690 704 3746 decrescentibus,
716 3706 762 3737 ea.

219 3756 273 3803 dem
284 3765 387 3803 manent.
422 3754 543 3802 Ordinatae
556 3756 577 3802 B
593 3755 620 3809 C,
635 3755 656 3802 Β
671 3755 702 3809 D,
721 3770 762 3800 su-

217 3835 258 3879 per
275 3820 324 3868 basi
338 3821 361 3868 A
372 3820 400 3876 F,
411 3828 479 3865 motu
490 3819 533 3865 sibi
545 3833 635 3879 semper
651 3817 763 3877 parallelo

219 3883 252 3929 iti
262 3883 447 3946 progrediantur,
463 3892 490 3929 ut
509 3881 615 3929 ordinatis
633 3883 701 3937 BD,
724 3881 763 3928 ei-

219 3946 273 3993 dem
283 3963 375 4008 semper
384 3956 501 4000 manente,
509 3956 625 4006 punctum
635 3946 666 3999 D,
676 3955 762 3993 rectam

220 4012 244 4057 G
258 4012 282 4059 D
293 4007 440 4065 ddestribat,
452 4020 476 4057 et
486 4010 579 4057 interim
590 4007 703 4057 continmi
713 4024 763 4057 cre-

217 4087 296 4122 scente
306 4077 343 4124 tel
354 4076 500 4123 decrescente
506 4073 611 4120 ordinati
620 4074 641 4120 Β
651 4074 678 4127 C,
689 4087 764 4135 punc·

216 4149 268 4185 tum
281 4141 301 4187 C
312 4140 426 4187 describat
436 4153 531 4185 curram
542 4140 565 4185 A
579 4138 599 4185 C
612 4152 636 4195 c;
664 4137 765 4184 abscissa

220 4203 242 4249 A
257 4204 286 4257 Β,
308 4203 414 4251 ordinata
438 4203 459 4250 Β
481 4203 509 4257 C,
526 4216 603 4248 curra
619 4199 687 4248 arcus
708 4202 730 4247 A
742 4215 762 4254 c,

216 4281 277 4313 arete
290 4268 313 4313 A
327 4268 347 4316 C
361 4269 390 4323 Β,
404 4269 426 4314 A
442 4268 465 4315 G
478 4267 504 4313 D
519 4267 546 4319 Β,
559 4275 615 4312 sunt
624 4264 765 4327 quantitates

217 4330 405 4378 indeterminatae
416 4346 458 4377 seu
469 4329 583 4386 tinentes;
632 4340 694 4379 reeta
713 4331 768 4381 verb

217 4395 239 4441 B
253 4392 285 4449 D,
303 4404 338 4441 est
347 4397 464 4457 quantitas
475 4405 590 4444 conamus.

249 4462 301 4504 144.
318 4459 466 4514 Quantitates
476 4461 582 4516 fluentes,
594 4469 622 4507 ut
630 4461 653 4506 A
663 4462 691 4514 Β,
706 4463 728 4510 Β
738 4464 765 4520 C,

215 4522 491 4586 equalibustemporibus
499 4535 765 4574 macenoeaetcrescen-

214 4586 246 4634 do
256 4589 349 4650 genitas,
361 4603 403 4648 pro
414 4590 533 4638 velocitate
543 4589 625 4652 majori
636 4590 672 4637 vet
681 4591 766 4639 minori

215 4652 261 4711 qui
271 4664 385 4708 aucum,
400 4669 427 4702 ac
437 4665 586 4718 generantur,
602 4654 705 4704 eradunt
715 4672 763 4706 ma-
