3202 5446
168 487 466 570 haschiricus]
534 488 777 612 Psstttclpta
801 491 1175 561 MATHEMATICA.
1398 507 1464 567 415
1538 542 1542 557 ,

164 673 314 752 celarem,
330 671 465 737 alterum
479 672 590 737 iisdem
604 673 799 758 parallelum.
845 674 903 739 Vrs
918 674 1113 739 attractionis
1127 673 1177 738 rel
1191 673 1353 758 impulsor,
1368 695 1466 764 egerr-

164 781 210 848 do
224 781 397 848 secundum
411 781 510 846 lineas
525 784 811 868 perpendiculares,
828 784 873 848 nil
887 797 989 850 mutat
1001 799 1122 850 motum
1138 783 1310 850 secuudum
1332 784 1463 870 paralle-

163 891 223 972 las,
240 907 272 958 et
284 906 453 979 propterea
467 916 583 978 corpus
598 894 659 959 hoc
674 907 762 958 motu
777 894 923 959 conficiet
936 895 1110 982 aequalibus
1125 895 1318 979 temporibus
1332 894 1465 980 aequalia

163 1003 220 1067 illa
234 1003 406 1069 secundum
425 1002 591 1088 parallelas
606 1002 778 1082 intervalla,
795 1025 866 1089 quar
881 1018 955 1068 sunt
969 1005 1051 1068 inter
1071 1004 1186 1068 lineam
1210 1006 1237 1067 A
1257 1003 1291 1069 G
1313 1016 1345 1066 ct
1367 1025 1465 1088 punc·

163 1127 235 1178 tum
253 1114 300 1193 H,
317 1114 460 1200 interque
474 1125 627 1198 punctum
644 1112 660 1179 1
684 1126 715 1176 et
737 1113 850 1177 lineum
866 1113 888 1176 d
905 1113 958 1190 K;
982 1115 1019 1196 (¹¹)
1036 1113 1097 1177 hoc
1111 1126 1169 1192 est,
1191 1112 1364 1199 equalibus
1386 1124 1465 1176 tem·

164 1222 297 1307 poribus
312 1222 469 1287 describet
482 1221 581 1286 lineas
597 1221 630 1287 G
647 1221 694 1299 H,
717 1221 734 1285 I
751 1221 794 1286 K.
841 1221 979 1287 Proinde
1001 1223 1148 1288 velocitas
1169 1236 1241 1287 ante
1264 1221 1464 1286 incidentium

165 1344 215 1397 est
229 1332 270 1396 ad
285 1331 480 1397 velocitatem
494 1344 566 1417 post
580 1331 814 1416 emergentium,
830 1345 866 1395 ut
881 1330 914 1396 G
930 1331 968 1396 H
982 1332 1023 1396 ad
1039 1333 1056 1397 I
1073 1331 1105 1396 K
1121 1330 1169 1395 vel
1185 1330 1218 1394 T
1233 1331 1281 1408 H,
1305 1330 1343 1416 (⁰)
1359 1328 1391 1393 id
1406 1340 1463 1406 est,

165 1453 203 1503 ut
217 1440 249 1505 A
266 1438 303 1505 Η
318 1440 367 1504 rel
383 1440 399 1504 l
416 1440 437 1504 d
452 1439 493 1504 ad
508 1462 528 1502 v
546 1439 592 1517 H,
619 1437 681 1502 hoc
706 1451 754 1503 est
780 1444 938 1523 (respectu
959 1439 1038 1503 radii
1057 1438 1089 1505 T
1104 1439 1142 1504 H
1157 1439 1207 1503 rel
1222 1438 1239 1504 l
1256 1438 1302 1528 K)
1325 1437 1364 1523 (Ρ)
1378 1440 1463 1500 sinus

165 1546 367 1637 emergentiae
382 1546 422 1610 ad
438 1547 541 1612 sinum
556 1545 745 1610 incidentiae.
791 1546 834 1623 Q.
850 1569 877 1610 e.
894 1545 925 1610 d.

405 1839 691 1907 PROPOSITIO
715 1839 841 1905 XCVI.
886 1839 1221 1907 THEOREMAL.

165 2039 274 2104 Iisdem
283 2038 402 2121 positis,
419 2036 459 2122 (q)
475 2046 503 2100 et
518 2038 596 2120 quod
610 2029 702 2099 motui
716 2045 787 2098 ante
812 2036 1004 2101 incidentium
1027 2039 1154 2101 velocior
1178 2039 1219 2101 sit
1238 2059 1325 2120 quam
1343 2048 1460 2120 posteo,

180 2220 182 2225 ,
207 2151 275 2214 dico
289 2150 367 2233 prod
379 2169 494 2230 corpus,
510 2148 683 2210 inclinando
697 2148 805 2209 lineum
821 2148 1000 2225 incidentiae,
1016 2149 1179 2237 rpiectetur
1201 2150 1330 2225 tandm,
1353 2157 1381 2212 et
1404 2170 1463 2212 an-

204 2261 292 2346 gulus
305 2257 537 2346 rssecionisflet
550 2258 674 2340 oequalis
688 2257 798 2342 angulo
812 2258 992 2322 incidentiae.

210 2456 294 2523 Nam
314 2457 447 2541 concipe
469 2479 582 2541 corpus
605 2456 687 2521 inter
709 2455 859 2541 parallela
881 2455 976 2541 plana
992 2459 1021 2521 A
1037 2480 1066 2537 a,
1079 2458 1114 2522 ’Β
1128 2458 1160 2535 b,
1178 2457 1206 2522 C
1221 2479 1248 2531 c,
1264 2458 1321 2522 &c
1344 2456 1464 2524 descri-

165 2566 240 2631 bere
255 2587 345 2629 arcus
360 2564 565 2649 parabolicos,
581 2576 617 2629 ut
631 2587 745 2650 suprs3
768 2565 892 2652 sintque
907 2588 998 2630 arcus
1013 2565 1059 2630 illi
1082 2564 1119 2631 H
1136 2565 1173 2644 P,
1191 2565 1219 2631 P
1235 2565 1277 2644 Q,
1296 2566 1328 2643 Q
1346 2568 1386 2646 R,
1402 2565 1464 2633 &a

167 2675 211 2742 Et
224 2677 265 2741 sit
281 2700 319 2741 ea
340 2677 432 2741 linere
453 2677 531 2740 inci-

165 2783 281 2850 dentioe
297 2785 330 2851 G
343 2786 380 2850 H
395 2785 530 2871 obliqui·
634 2825 667 2895 G

167 2905 213 2958 tus
239 2894 280 2957 ad
305 2893 433 2978 planum
462 2894 529 2978 pri·
657 2791 833 3022 ΧΗ

165 3023 253 3065 mum
277 3002 308 3065 A
329 3024 358 3080 a,
384 3016 420 3066 ut
443 3002 528 3065 sinus
565 2967 598 3090 ᾖ)

165 3112 343 3178 incidentiae
358 3114 397 3177 sit
419 3113 458 3177 ad
479 3136 529 3176 ra·
576 3105 623 3161 C·

166 3222 376 3300 dlumcirculi,
387 3223 473 3306 cujus
482 3233 530 3285 est
579 3171 1413 3303 ii-Z———L--ss

165 3329 263 3407 sinus,
290 3330 321 3392 in
348 3328 383 3392 eir
410 3330 529 3393 ratione

164 3462 261 3528 quam
275 3438 370 3503 babet
384 3439 466 3502 idem
482 3440 568 3503 sinus
583 3440 762 3504 incidentiae
778 3441 818 3504 ad
834 3440 938 3505 sinum
953 3441 1153 3529 emergantiae
1168 3463 1208 3506 ex
1222 3441 1318 3526 plano
1332 3440 1366 3506 D
1381 3440 1412 3516 d,
1429 3440 1462 3502 in

160 3550 301 3636 spatium
317 3548 350 3612 D
366 3548 387 3611 d
403 3571 420 3611 e
436 3548 484 3612 E:
509 3562 541 3612 et
555 3548 597 3612 ob
613 3549 716 3613 sinum
738 3550 939 3637 emergentia
956 3551 1023 3636 jam
1046 3549 1163 3614 factum
1185 3549 1336 3636 aequalem
1362 3547 1462 3626 radio,

156 3658 298 3747 angulus
314 3658 514 3744 emergentia
529 3659 589 3722 erit
604 3673 717 3736 rectus,
735 3659 869 3748 ideoque
888 3658 971 3722 linea
993 3659 1193 3747 emergentia
1215 3657 1370 3722 coincidet
1391 3677 1463 3726 cum

153 3769 260 3854 plano
276 3766 310 3831 D
325 3766 357 3829 d.
405 3749 571 3830 Perveniat
585 3790 699 3851 corpus
714 3767 755 3831 ad
770 3766 831 3831 hoc
846 3766 977 3852 planum
1000 3768 1033 3830 in
1055 3780 1174 3852 puncto
1190 3767 1241 3844 1t;
1264 3779 1295 3831 et
1316 3765 1464 3852 quoniam

151 3877 248 3943 linea
263 3877 463 3963 emergentiae
478 3877 625 3942 coincidit
640 3900 711 3941 cum
727 3878 838 3942 eodem
852 3877 958 3962 plano,
974 3879 1174 3962 perspicuum
1189 3878 1333 3964 estquod
1349 3898 1464 3960 corpus

151 4009 231 4053 non
245 4000 350 4072 potest
365 3985 445 4049 ultra
460 4007 592 4073 pergere
608 4009 715 4050 versus
730 3986 860 4072 planum
876 3986 905 4051 E
921 4010 948 4051 e.
995 3987 1058 4052 Sed
1079 4010 1136 4052 nec
1157 4000 1261 4072 potest
1284 3987 1368 4051 idem
1390 4011 1464 4074 per·

196 4184 236 4245 (¹)
255 4187 268 4213 0
287 4185 340 4232 Hoc
353 4192 393 4239 ert,
411 4185 537 4244 equalibus
551 4184 693 4244 tonsoribus.
731 4181 798 4236 Quo·
830 4181 902 4244 gulus
914 4198 927 4227 v
941 4183 963 4229 T
975 4181 1003 4228 H
1014 4181 1096 4244 anguli
1109 4182 1132 4230 T
1145 4182 1171 4229 H
1184 4198 1204 4235 v.
1225 4191 1249 4230 et
1264 4182 1367 4244 angulus
1383 4183 1396 4231 1
1410 4183 1434 4232 l(
1446 4185 1464 4233 d

154 4251 231 4298 niam
242 4257 309 4296 motu
325 4248 453 4307 composito
472 4263 556 4307 corpus
574 4247 648 4293 fertur
667 4260 708 4304 per
726 4245 799 4291 lineas
830 4246 912 4307 anguli
926 4247 950 4294 Κ
963 4247 973 4295 1
986 4246 1009 4300 d,
1021 4246 1221 4307 complementum
1232 4246 1261 4293 ad
1273 4256 1368 4298 rectum
1379 4258 1464 4309 etpro-

160 4316 189 4364 <3
206 4314 233 4362 H
253 4322 279 4358 et
299 4311 358 4362 JK.
378 4311 461 4358 eodem
478 4321 581 4371 ternpore
598 4309 706 4358 describit
728 4309 748 4356 G
772 4309 798 4357 H
831 4309 969 4374 inducre)
982 4310 1090 4371 priorest
1106 4311 1202 4372 aqualis
1217 4311 1306 4372 angulo
1322 4311 1463 4375 incidentia,

155 4394 214 4443 quo
229 4379 250 4425 A
267 4377 302 4429 H,
314 4387 338 4422 rt
352 4376 362 4423 l
376 4376 397 4422 tt
412 4376 483 4438 quol
507 4374 580 4435 d,sed
593 4380 632 4437 (er
644 4373 729 4424 Demi
740 4384 800 4422 tcm-
834 4376 948 4437 posterior
958 4385 993 4424 est
1004 4375 1099 4439 aqualis
1109 4374 1198 4438 angulo
1208 4376 1365 4438 emergentia.

158 4457 224 4503 pora
235 4441 322 4504 quibus
338 4440 495 4487 conficiuntur
512 4440 634 4486 intervalla
652 4439 762 4500 parallela
778 4448 802 4487 et
866 4439 901 4504 (⁴)
920 4445 932 4471 0
951 4445 984 4491 Et
1003 4445 1064 4504 quod
1082 4451 1157 4490 motas
1175 4439 1229 4488 anti
1246 4443 1401 4495 incidentium,
1421 4442 1459 4490 dc

164 4506 269 4570 equalia
285 4505 350 4561 AH,
365 4505 376 4552 l
390 4506 552 4566 Daquantur,
564 4502 801 4567 ergdcorpusaqua·
835 4504 870 4553 Ut
881 4505 983 4568 angulus
994 4505 1143 4568 emergentia
1161 4519 1253 4565 semper
1270 4516 1357 4554 crescat
1377 4507 1461 4571 (Pmp.

164 4569 233 4620 libus
243 4570 387 4628 temporibus
398 4569 506 4616 describit
517 4569 591 4615 lineas
604 4569 626 4616 G
641 4568 665 4615 H
679 4569 727 4616 etl
743 4568 776 4616 l(-
835 4569 888 4628 95.)
900 4580 925 4616 et
934 4571 1006 4631 ipsius
1017 4569 1114 4630 proindd
1124 4569 1321 4629 complementum
1333 4571 1363 4618 ad
1374 4581 1463 4619 rectum

201 4635 367 4699 (⁰)01car
386 4644 413 4682 at
433 4636 500 4681 ΑΗ
515 4635 550 4681 oet
566 4635 719 4682 ldade.
754 4633 803 4681 Per
833 4635 1053 4694 semperdecrescat
1067 4633 1464 4698 uuanuncorporispadivem

171 4698 242 4760 Prop-
253 4704 274 4746 2.
286 4698 325 4746 lib.
336 4704 358 4746 6.
371 4698 449 4745 Elem.
831 4697 917 4747 media.

171 4767 174 4778 '
202 4763 238 4825 τ’)
257 4768 270 4794 ·
293 4766 324 4813 Ut
343 4765 408 4812 sinus
426 4764 577 4823 emergentia.
614 4762 658 4809 Est
676 4761 739 4808 eninr
758 4777 800 4809 aa·
