3202 5446
171 451 212 514 70
482 441 822 510 PHILOSOPHIAE
845 441 1118 510 NATUuums
1180 440 1292 522 [Mor.
1307 441 1459 514 aanor.

168 618 275 684 Corol.
291 618 335 700 6.)
352 618 377 682 si
391 618 422 681 vi
436 617 529 694 novi,
545 640 616 704 quae
631 619 758 706 aequalis
774 632 805 683 et
819 618 974 683 contraria
985 619 1027 682 sit
1039 617 1094 694 illi‚
1118 615 1180 704 que
1195 638 1308 701 corpus
1323 616 1458 685 altcrtun

167 728 200 792 T
213 739 352 816 urgetur,
368 739 517 814 urgeatur
531 749 645 811 corpus
661 741 826 814 utrumque
842 728 1013 792 secundum
1026 728 1124 792 lineas
1137 726 1323 812 parallelas3
1344 742 1458 821 perget

165 858 277 921 corpus
288 836 425 920 primum
437 835 467 900 L
478 834 655 900 describere
666 837 749 899 circa
758 858 872 922 corpus
883 836 1016 901 alterum
1027 835 1058 900 T
1069 859 1157 902 areas
1167 836 1293 902 easdem
1301 837 1452 925 acpritlsr

163 947 209 1012 vis
224 959 339 1025 autem,
356 968 418 1034 qua
432 967 544 1032 corpus
559 946 692 1011 alterum
707 947 740 1011 T
754 947 931 1034 urgebatur,
943 948 1010 1032 jam
1031 945 1209 1012 destruetur
1229 968 1288 1031 per
1308 948 1374 1013 vim
1394 948 1455 1015 nbi

162 1057 316 1143 aequalem
332 1069 364 1121 et
378 1057 565 1121 contrariam
577 1084 586 1134 ς
611 1069 643 1121 et
657 1068 823 1141 propterea
834 1060 904 1141 (per
913 1057 992 1143 Leg.
1006 1055 1047 1136 Ι.)
1063 1076 1177 1140 corpus
1187 1054 1266 1120 illud
1277 1054 1413 1122 alterum
1423 1058 1457 1125 T

162 1163 287 1227 sibimet
300 1163 359 1247 ipsi
369 1165 435 1249 jam
449 1162 592 1228 relictum
606 1163 655 1228 vel
670 1164 817 1249 quiescet,
841 1162 889 1226 vel
904 1162 1080 1227 movebitur
1094 1160 1289 1227 uniformiter
1302 1163 1337 1227 in
1351 1163 1454 1231 direc-

162 1283 246 1333 tum:
269 1282 302 1335 et
315 1291 428 1355 oorpus
442 1271 579 1355 primum
595 1270 624 1335 L
638 1283 770 1358 urgente
792 1268 964 1333 differentiis
986 1269 1109 1347 virium,
1133 1268 1166 1332 id
1188 1281 1244 1348 est,
1267 1284 1402 1358 urgente
1422 1273 1454 1336 vi

161 1377 281 1464 relique
292 1390 404 1464 perget
413 1401 500 1442 areas
510 1378 702 1462 temporibus
715 1377 964 1463 proportionales
978 1378 1061 1441 circa
1075 1399 1187 1462 corpus
1202 1377 1336 1442 alterum
1350 1378 1385 1444 T
1399 1380 1454 1446 de·

161 1488 306 1552 scribere.
352 1488 469 1553 Tendit
483 1488 578 1575 igitur
600 1493 669 1574 (per
685 1487 802 1551 Theor.
820 1487 879 1568 ΙΙ.)
902 1485 1077 1551 differentia
1100 1487 1213 1551 virium
1229 1486 1269 1551 ad
1284 1508 1401 1573 corpus
1414 1488 1453 1553 il·

161 1595 218 1658 lud
232 1595 365 1660 alterum
380 1595 412 1660 T
426 1611 461 1660 ut
475 1609 625 1660 centrum.
671 1595 713 1670 Q.
729 1619 756 1659 e.
772 1594 804 1659 d.

205 1706 303 1768 Corol.
322 1713 350 1769 1.
374 1705 461 1769 Hinc
483 1705 510 1768 si
532 1726 644 1789 corpus
667 1725 764 1768 uuum
780 1703 810 1769 L
824 1703 913 1768 radio
935 1702 976 1767 ad
997 1692 1129 1767 alterum
1145 1703 1177 1768 T
1191 1702 1286 1767 ducto
1300 1703 1452 1771 describit

159 1830 247 1874 areas
262 1811 454 1896 temporibus
467 1811 717 1896 proportionales
726 1836 735 1889 3
758 1823 851 1896 atque
866 1810 906 1874 de
927 1811 959 1874 vi
980 1809 1044 1874 tote
1068 1811 1145 1896 (sive
1160 1810 1302 1895 simplici,
1325 1811 1393 1877 sive
1407 1835 1450 1879 ex

158 1918 274 1983 viribus
285 1920 524 2006 pluribusjuxta
533 1920 655 2007 Legum
667 1919 876 1983 corollarium
886 1919 1058 1982 secundum
1067 1917 1251 2003 compositi)
1262 1918 1324 2005 quai
1334 1942 1450 2006 corpus

156 2025 244 2109 prius
261 2025 290 2090 L
305 2040 442 2114 urgetur,
460 2026 649 2091 subducatur
665 2025 832 2109 (peridem
849 2025 971 2112 Legum
989 2025 1210 2105 Corollarium)
1226 2025 1348 2091 vistota
1359 2049 1449 2094 acce-

156 2132 294 2210 leratrix,
312 2156 375 2218 qim
388 2157 502 2218 corpus
518 2134 648 2197 alterum
663 2147 809 2219 urgetur:
834 2133 878 2195 vis
893 2133 993 2195 omnis
1009 2133 1137 2219 reliqua,
1154 2132 1214 2219 que
1230 2154 1345 2219 corpus
1357 2139 1447 2222 prius

157 2253 296 2324 urgetur,
321 2239 428 2302 tendet
441 2239 481 2303 ad
497 2262 609 2323 corpus
624 2239 755 2302 alterum
772 2238 803 2303 T
818 2251 853 2302 ut
867 2251 1017 2302 centrum.

201 2349 299 2410 Corol.
317 2356 346 2410 2.
371 2347 423 2425 Et,
439 2349 465 2410 si
480 2370 561 2411 areae
576 2347 638 2410 illae
653 2360 726 2411 sunt
734 2346 925 2430 temporibus
937 2344 1173 2432 quamproxime
1183 2348 1442 2432 proportionales,

155 2452 201 2515 vis
216 2451 335 2537 reliqua
349 2455 457 2518 tendet
471 2454 511 2518 ad
526 2477 637 2539 corpus
653 2454 784 2517 alterum
799 2454 831 2518 T
845 2453 1089 2539 quamproxime.

199 2563 297 2625 Corol.
315 2573 344 2628 8.
368 2562 412 2626 Et
426 2564 491 2627 vice
504 2563 601 2640 verse,
618 2563 644 2626 si
658 2563 703 2626 vis
718 2563 836 2649 reliqua
851 2563 952 2626 tendit
965 2562 1203 2648 quamproxime
1218 2562 1258 2627 ad
1273 2584 1387 2650 corpus
1396 2566 1442 2630 al·

154 2681 255 2735 terum
271 2672 312 2751 T,
329 2686 422 2737 erunt
436 2696 517 2737 areae
532 2672 595 2736 illae
611 2673 803 2757 temporibus
818 2671 1055 2758 quamproxime
1069 2671 1329 2756 proportionales.

198 2782 296 2843 Corol.
313 2791 343 2845 4.
368 2782 402 2846 Si
417 2803 531 2866 corpus
547 2781 577 2846 L
591 2781 679 2846 radio
694 2780 735 2845 ad
750 2779 882 2844 alterum
897 2801 1010 2864 corpus
1026 2779 1057 2845 T
1072 2779 1166 2843 ducto
1181 2779 1326 2844 describit
1340 2802 1439 2858 areas,

157 2907 227 2971 quoe
242 2908 313 2950 curn
329 2889 520 2974 temporibus
543 2888 665 2954 collatae
691 2900 765 2952 suut
785 2886 876 2950 valde
897 2885 1082 2973 inaequales;
1106 2899 1138 2951 et
1158 2908 1272 2971 corpus
1293 2886 1373 2953 illud
1393 2888 1439 2953 al·

1080 3141 1114 3210 Λ

152 3375 211 3438 Leg.
236 3375 313 3422 Corol.
335 3383 358 3425 6.
385 3377 404 3425 si
427 3379 449 3426 ri
468 3379 529 3427 norl
549 3380 707 3430 acceleraniee
724 3396 777 3443 quus

151 3440 247 3503 aqualis
258 3451 281 3487 et
291 3443 404 3489 contram
414 3444 444 3491 sit
454 3444 489 3490 illi
505 3445 551 3508 qut
566 3461 650 3507 corpus
662 3447 684 3493 T
695 3461 776 3492 recun-

151 3504 209 3553 dirm
220 3504 369 3552 directionem
382 3508 404 3554 T
418 3509 555 3572 (turgum,
572 3520 684 3574 urgemur
694 3525 777 3570 eorpus

150 3579 276 3632 utrumque
287 3570 416 3618 secundum
424 3573 496 3620 linea
505 3574 624 3633 parallelas
633 3574 694 3630 QT,
706 3575 731 3628 Q
739 3574 760 3620 L
769 3591 776 3629 ;

150 3644 230 3696 perget
241 3649 325 3694 corpus
334 3635 361 3691 L,
373 3635 500 3684 describere
510 3638 570 3685 circe
581 3654 665 3699 corpus
672 3639 701 3693 Τ,
713 3653 777 3684 areas

150 3697 243 3744 easdem
264 3714 291 3744 ac
312 3698 375 3759 pride
381 3717 389 3757 ς
413 3701 447 3746 ris
468 3712 546 3748 autem
567 3703 712 3750 acceleratrix
729 3703 776 3764 quui

149 3775 234 3819 eorpus
245 3762 268 3809 T
278 3765 403 3824 urgebatur
415 3765 465 3827 jam
479 3765 610 3813 destruetur
620 3783 660 3828 per
670 3768 718 3813 viru
734 3766 776 3813 sibi

150 3825 263 3886 equalem
271 3837 294 3873 et
301 3828 437 3874 contrariam
446 3848 453 3886 ;
465 3841 488 3877 et
495 3830 620 3891 propteree,
630 3846 670 3890 per
681 3832 739 3894 Leg-
752 3836 774 3877 1.

149 3901 233 3948 corpus
248 3888 308 3938 illud
325 3892 354 3947 Τ,
378 3893 469 3940 sibimet
490 3894 533 3954 ipsi
551 3896 601 3957 jam
617 3895 723 3942 relictum
740 3894 777 3942 vel

150 3953 252 4015 quiescet
263 3955 299 4002 vel
310 3959 440 4004 movebitur
451 3957 596 4005 uniformiter
611 3959 636 4005 in
647 3959 775 4015 directum

150 4016 261 4064 nimirum
272 4021 380 4081 quiescet,
393 4022 412 4067 si
423 4021 488 4068 nulle
499 4022 545 4070 alie
558 4024 579 4069 vi
590 4037 672 4084 prater
688 4023 774 4070 accele-

148 4080 254 4128 ratricem
266 4083 395 4131 secundem
405 4084 554 4133 directionem
567 4088 590 4135 T
600 4090 631 4143 Q,
642 4088 696 4135 ante
707 4103 774 4151 urge·

149 4144 217 4191 batur
225 4163 232 4202 ς
245 4148 375 4196 movebitur
383 4149 436 4196 rard
444 4151 586 4212 aquabiliter
593 4168 633 4212 per
639 4163 724 4199 rectam
733 4153 774 4199 ali·

150 4222 220 4268 quam
232 4210 255 4256 T
264 4211 291 4267 F,
300 4212 409 4274 siproeter
416 4215 463 4260 rim
472 4214 652 4262 acceleratricem
663 4231 704 4277 per
711 4217 733 4264 T
742 4219 772 4272 Q,

150 4283 264 4330 agentern,
276 4276 322 4322 alii
330 4278 352 4323 vi
363 4293 411 4324 uon
419 4278 576 4326 aooelaatrice
584 4279 699 4329 serebatur
706 4281 775 4344 juxte

149 4335 298 4384 durationem
310 4341 332 4387 T
346 4341 372 4398 T,
383 4343 425 4390 &e
