3202 5446
670 725 922 799 LECTORI

776 959 812 1029 S.

515 1192 1088 1276 TYPOGRAPHUS.

730 1469 840 1490 m

12 1702 15 1707 ·
133 1640 319 1719 Nuwronr
336 1649 534 1714 illustrissimi
548 1670 627 1734 opus
649 1648 711 1712 hoc
726 1650 759 1711 in
772 1648 882 1734 primis
903 1646 1104 1724 laudandum,
1127 1648 1215 1732 cujus
1236 1648 1426 1735 exemplaria

131 1795 206 1845 sunt
221 1780 391 1855 rarissima,
408 1791 440 1842 et
454 1778 595 1863 impenso
608 1777 712 1862 pretio
725 1789 887 1862 parantur,
910 1796 995 1838 nunc
1015 1773 1114 1836 formai
1135 1775 1348 1840 commodiore
1369 1776 1427 1840 tibi

132 1911 166 1972 in
178 1930 308 1971 manum
318 1906 478 1970 tradimus.
521 1904 608 1982 Quid
619 1905 652 1968 in
662 1904 722 1968 hac
732 1903 868 1968 editione
884 1900 1139 1986 exspectandum,
1158 1901 1266 1985 paucis
1281 1915 1312 1965 te
1325 1904 1426 1967 moni·

135 2057 204 2106 turn
220 2042 362 2105 velimus,

174 2172 253 2236 Erat
263 2173 353 2237 nobis
365 2174 398 2236 in
408 2174 512 2238 animo
522 2172 665 2237 illaan
673 2173 806 2237 Snunet
814 2170 996 2253 Jacouren,
1004 2169 1166 2235 Societatis
1174 2169 1244 2233 Iesu
1252 2169 1425 2250 Sociorum,

134 2322 209 2363 cum
224 2323 334 2363 eorum
349 2301 572 2365 commentario
586 2300 800 2386 perpetuo,.in
814 2298 958 2363 omuibus
968 2298 1122 2384 integram
1133 2295 1235 2373 edere,
1251 2296 1310 2361 nisi
1320 2320 1428 2363 revera

136 2431 190 2494 ubi
211 2431 335 2495 macula
356 2431 460 2495 forsan
481 2430 534 2495 hic
556 2429 620 2494 illic
640 2429 747 2510 furtim
767 2429 949 2513 irrepsisset.
996 2424 1159 2510 Quidquid
1173 2446 1269 2508 penes
1283 2447 1341 2489 nos
1358 2425 1426 2504 fuit,

134 2562 348 2645 praestitimus.
376 2535 539 2626 Editiones
552 2562 691 2627 Genevae
702 2584 753 2626 an.
766 2568 914 2632 1739-42
931 2573 961 2624 et
971 2558 1114 2624 Colonioe
1124 2557 1332 2647 Allobrogum
1345 2569 1427 2630 1760

136 2693 307 2781 evulgatas,
314 2695 396 2759 iuter
406 2718 474 2759 sese
484 2694 618 2760 fideliter
627 2695 764 2774 collatas,
778 2695 997 2772 curaverimus,
1008 2705 1043 2758 ut
1054 2694 1270 2780 discrepantiae
1279 2695 1312 2757 in
1321 2694 1425 2759 lucem

136 2821 260 2886 educte
275 2845 383 2888 omnes
396 2822 669 2909 perlustrarentur,
684 2818 747 2912 qud
760 2846 883 2890 errores
892 2825 979 2890 baud
991 2842 1108 2905 paucos
1124 2819 1207 2884 foras
1222 2821 1423 2887 extrusimus.

138 2945 288 3031 Denique
300 2959 335 3010 ut
348 2948 427 3011 nihil
442 2948 572 3026 deesset,
597 2949 672 3035 quin
692 2949 808 3013 librum
831 2950 960 3038 singulis
982 2965 1231 3014 consummatum
1245 2949 1427 3027 faceremus,

117 3072 243 3136 ·studio
264 3075 433 3157 permissus
472 3088 539 3139 eret
561 3075 618 3138 viri
640 3075 815 3140 matheseos
836 3076 930 3161 plane
951 3075 1044 3161 periti
1069 3075 1200 3160 Joarmis
1216 3073 1266 3139 M.
1284 3074 1427 3162 Wright,

139 3202 322 3266 Academiae
339 3204 604 3292 cantabrigiensis
620 3206 748 3284 alumni,
772 3207 835 3293 qui,
858 3208 980 3273 schedis
996 3208 1141 3272 omnibus
1155 3206 1336 3296 diligentitis
1355 3231 1429 3295 per-

138 3337 237 3414 lectis,
259 3337 396 3401 maculas
412 3337 539 3424 quidem
554 3338 735 3403 cumulatim
751 3344 842 3424 (teste
852 3339 949 3426 ipsius
959 3340 1168 3428 autographo)
1184 3363 1256 3426 quae
1271 3341 1304 3404 in
1319 3340 1430 3405 editio-

140 3470 231 3533 nibus
251 3469 410 3553 prioribus
440 3469 611 3546 latuisseut,
643 3470 741 3554 ejecit.
787 3468 860 3544 Qut
886 3468 926 3533 de
951 3468 1058 3534 caussd
1085 3470 1175 3533 nobis
1199 3490 1270 3553 spes
1294 3469 1432 3533 maxima

139 3599 308 3663 editionem
323 3614 462 3664 nostram
476 3623 545 3686 prae
560 3602 704 3666 omnibus
719 3602 904 3691 eligendam,
916 3616 983 3669 tum
995 3607 1115 3671 caeteris
1125 3607 1225 3671 multo
1239 3604 1430 3671 emendatio·

140 3750 217 3805 rem,
248 3741 315 3793 turn
336 3743 403 3794 arte
427 3730 653 3819 typographicis
675 3731 769 3820 longe
797 3732 1036 3799 adornatiorem.
1093 3736 1137 3800 At
1158 3735 1184 3799 si
1205 3757 1270 3799 non
1290 3735 1323 3797 in
1345 3732 1432 3797 omni

137 3871 229 3942 parte
243 3859 285 3922 sit
304 3857 451 3942 perfecta,
475 3859 508 3923 in
528 3861 712 3924 memoriam
733 3883 854 3939 revoca,
879 3861 995 3928 Lector
1014 3864 1175 3942 benevole,
1198 3888 1293 3951 quarn
1307 3864 1433 3930 difficile

136 4001 194 4064 est,
213 3987 344 4052 sortasse
359 3989 441 4053 ultra
451 3989 585 4054 bominis
601 4003 727 4069 sortem,
743 3991 923 4076 hujusmodi
938 3994 1113 4060 studiorum
1128 4005 1244 4060 statum
1266 3996 1431 4080 optimum,

138 4121 342 4207 quantumvis
353 4135 544 4205 exoptatum,
561 4124 714 4214 attingere
727 4134 781 4188 aut
793 4122 951 4190 accedere.

150 4439 292 4488 cuneus:
310 4430 373 4496 Ipsis
384 4427 460 4477 Nonis
470 4427 521 4476 lat.
535 4425 604 4474 18³3.
