3188 5444
178 467 238 530 594
492 462 838 534 PHILOSOPHIAE
860 461 1136 531 NaTtJuaus
1181 462 1300 544 [Mor.
1316 464 1465 531 coam

167 639 384 731 rectangulum
410 640 470 705 sub
496 642 527 706 A
541 665 562 705 a
586 655 619 705 et
641 640 740 722 iaB
763 654 812 704 est
836 652 872 705 ut
894 663 914 704 a
931 639 1006 704 Bet
1019 639 1196 704 resistentia
1215 639 1465 725 conjunctim

166 763 335 832 propterea
349 750 380 814 A
395 772 413 814 a
429 761 464 814 ut
479 751 663 815 resistentia.
710 750 752 825 Q.
768 772 796 815 e.
812 750 842 814 d.

212 860 311 922 Corol.
330 867 358 922 l.
406 859 502 924 Unde
524 862 552 923 si
577 860 751 924 resistentia
772 861 813 924 sit
834 873 870 924 ut
891 859 1049 936 velocitas,
1074 858 1257 925 differentia
1283 881 1416 925 arcuum
1432 861 1462 926 ia

164 968 276 1032 eodem
290 969 395 1034 medio
410 971 470 1035 erit
483 984 518 1035 ut
532 993 623 1036 arcus
638 983 721 1034 totus
736 970 928 1055 descriptus:
951 982 984 1035 et
997 981 1115 1034 conde.

211 1082 312 1144 Corol.
329 1089 360 1146 2.
405 1081 441 1147 Si
463 1081 638 1146 resistentia
651 1082 692 1145 sit
705 1082 738 1144 in
752 1081 910 1166 duplicati
932 1081 1053 1146 ratione
1077 1079 1264 1160 velocitatis,
1290 1079 1459 1146 diffaeatin

162 1187 217 1253 illa
230 1190 290 1254 erit
302 1191 337 1254 in
351 1190 509 1276 duplicate
523 1191 645 1256 ratione
659 1191 752 1257 arcus
767 1192 880 1257 totius:
902 1204 936 1256 et
948 1205 1067 1257 contra.

201 2415 303 2480 Corol.
319 2424 350 2480 8.
394 2413 439 2480 Et
451 2414 678 2494 universaliter,
694 2415 721 2480 si
735 2414 911 2480 resistentia
926 2414 1011 2479 sitin
1025 2413 1182 2498 triplicati
1199 2415 1251 2480 vel
1267 2415 1333 2481 alit
1352 2416 1452 2503 quivis

154 2526 279 2592 tatione
307 2525 488 2605 velocitatis,
519 2524 695 2592 differentia
723 2527 784 2592 erit
812 2527 845 2590 in
874 2525 984 2591 eidem
1008 2526 1129 2591 ratione
1158 2527 1257 2592 arcirs
1285 2530 1398 2593 totiusz
1423 2540 1451 2592 et

154 2651 276 2703 contra.

200 2748 300 2811 Corol.
316 2755 347 2810 4.
392 2743 437 2813 Et
450 2746 476 2809 si
487 2743 662 2810 resistentia
676 2747 716 2810 sit
729 2746 844 2833 partim
857 2746 892 2809 in
905 2746 1024 2811 ratione
1035 2745 1170 2831 simplici
1182 2746 1372 2827 velocitatis,
1386 2770 1449 2835 per-

154 2856 211 2921 tim
226 2856 260 2920 in
274 2856 413 2943 ejusdem
427 2855 548 2923 ratione
562 2853 731 2941 duplicati,
756 2855 930 2921 differentia
951 2855 1010 2920 erit
1031 2854 1147 2939 partim
1164 2855 1200 2918 in
1215 2856 1347 2922 ratione
1369 2858 1448 2922 acts

153 2968 248 3033 totius
263 2981 295 3032 et
308 2969 423 3052 partim
437 2968 471 3031 in
485 2969 552 3053 ejus
567 2966 689 3032 ratione
703 2965 878 3051 duplicati:
895 2980 926 3031 et
940 2977 1058 3031 contra.
1092 2964 1219 3032 Eadem
1229 2965 1296 3032 erit
1306 2964 1446 3033 lexetra·

153 3081 198 3146 tio
206 3082 390 3145 resistentiae
398 3103 457 3165 pro
467 3080 639 3157 velocitate,
651 3101 722 3166 quae
731 3090 779 3142 est
789 3076 973 3142 differentiae
982 3077 1064 3141 illius
1073 3099 1133 3162 pro
1142 3077 1444 3165 longitudinearcts

198 3190 302 3254 Corol.
319 3198 349 3252 5.
396 3188 536 3274 Idedque
550 3188 586 3265 si,
602 3186 742 3273 pendulo
764 3186 932 3272 inaequales
946 3209 1038 3251 arcus
1051 3186 1231 3252 successive
1249 3187 1445 3265 describente.

151 3298 285 3362 inveniri
298 3311 402 3382 potest
416 3299 495 3362 ratio
511 3298 695 3363 incrementi
709 3321 745 3362 ac
760 3297 951 3362 decrementi
965 3297 1150 3363 differentite
1164 3299 1266 3387 hujus
1281 3325 1343 3389 pro
1355 3302 1445 3391 lougi-

151 3406 261 3472 tudine
282 3406 374 3471 arcirs
397 3406 563 3492 descripti3
586 3407 752 3472 habebitur
774 3407 867 3472 etiarn
889 3409 968 3472 ratio
992 3408 1180 3476 incrementi
1202 3433 1243 3476 ac
1265 3411 1444 3480 deaurent

151 3517 337 3583 resistentia
350 3538 411 3601 pro
424 3517 588 3581 velocitate
602 3519 719 3603 majore
734 3516 784 3580 vel
797 3517 927 3581 minore.

637 3785 786 3848 Scholiwa
810 3783 970 3850 Generaze.

196 3965 249 4032 Ex
262 3966 313 4031 hia
329 3966 609 4052 Propositionibus,
622 3991 680 4056 per
695 3968 903 4033 oscillationes
917 3967 1127 4052 pendulorum
1144 3970 1180 4034 in
1194 3974 1316 4041 mediis
1328 3973 1441 4063 quibu·

149 4093 284 4158 cunque,
310 4073 449 4138 invenire
472 4073 547 4139 licet
568 4077 775 4140 resistentiam
790 4074 974 4139 mediorum.
1019 4076 1114 4139 A'e‘ris
1140 4076 1221 4143 verb
1248 4080 1440 4148 resistentium

149 4178 332 4266 investigavi
355 4202 413 4264 per
438 4180 652 4265 experimenta
676 4182 846 4267 sequentia.
894 4181 1033 4248 Globum
1060 4181 1205 4269 ligneum
1229 4189 1375 4273 pondere
1391 4207 1439 4253 υ·

148 4288 267 4353 ciarum
284 4291 499 4356 Romanarum
515 4294 608 4374 5737„
631 4292 784 4356 diametro
798 4291 969 4378 digitorum
991 4291 1252 4361 Londinensium
1268 4302 1313 4386 6}
1324 4298 1438 4365 hub

147 4407 225 4470 turn,
242 4395 297 4458 filo
308 4399 395 4461 tenui
409 4397 450 4462 ab
465 4420 547 4462 unco
561 4400 636 4463 satis
651 4399 744 4462 firmo
755 4398 914 4482 suspendi,
931 4398 974 4463 ita
989 4411 1023 4462 ut
1038 4398 1120 4462 inter
1136 4424 1260 4469 uncum
1285 4409 1322 4494 (²)
1337 4421 1367 4474 et
1377 4426 1439 4471 car·

147 4572 232 4674 gutur
252 4565 289 4612 vel
310 4565 456 4616 diminuetur
476 4569 503 4616 in
523 4568 579 4617 dar
600 4569 697 4627 ratione,
727 4585 781 4616 arae
811 4569 936 4632 ungulum
952 4571 997 4616 sub
1010 4570 1032 4616 Α
1043 4569 1148 4634 aas·
1162 4573 1440 4629 Bubetani-'-

186 4626 211 4674 Κ
224 4627 271 4674 Ta
286 4632 410 4692 augebitur
430 4632 467 4679 vel
486 4632 632 4682 diminuetur
648 4634 673 4680 in
692 4633 780 4680 ratione
812 4635 885 4681 tentia
892 4632 1043 4695 conjunctim,
1063 4644 1088 4680 et
1104 4648 1234 4698 proptu-
1247 4644 1272 4689 Δ
1282 4655 1337 4693 nt
1346 4643 1439 4692 ''ffl-

147 4689 276 4752 composite
286 4707 314 4740 cr
327 4695 415 4742 ratione
433 4696 587 4760 longitudinis
596 4713 611 4744 ι
624 4698 646 4746 B
657 4707 681 4744 et
692 4697 780 4745 ratione
813 4697 851 4745 tie.

147 4755 283 4805 mittenda
293 4767 369 4806 aucta
380 4759 416 4807 vel
429 4760 561 4818 diminute,
572 4761 716 4825 proindeque
731 4777 780 4809 rec-
845 4760 880 4824 (⁸)
893 4765 906 4793 ⁸
920 4763 953 4811 m
962 4770 1071 4810 caman
1081 4765 1237 4817 οκιΙὶιεὺώ
1251 4773 1322 4831 μ’.
1355 4767 1443 4827 0¹²³
