3188 5444
159 524 220 590 stt
274 540 283 558 =
446 503 780 571 PHILOSOPHIAE
803 504 1074 571 NATURALIS
1145 504 1254 586 [Mor.
1271 504 1429 571 Corsos.

187 679 288 746 Simili
302 692 485 768 argumento
497 701 628 768 pergere
641 679 714 743 licet
728 679 768 743 ad
783 701 872 744 casus
888 680 986 767 magis
1001 679 1189 765 compositos
1211 680 1244 744 in
1259 679 1430 744 infinitum.

192 789 288 852 Corol.
313 798 340 852 1.
374 788 412 873 (α)
437 789 474 852 In
498 810 570 852 casu
594 788 739 865 secundo,
767 811 830 873 quo
855 787 984 872 propids
1006 789 1125 853 accedit
1149 811 1263 874 corpus
1287 789 1430 853 omniunt

147 897 319 960 maximum
333 896 373 960 od
388 909 521 982 systema
536 896 669 959 duorum
684 896 732 960 vel
746 895 893 980 plurium,
910 920 948 961 eo
969 898 1069 985 magis
1094 898 1304 964 turbabuntur
1326 913 1430 963 motor

147 1009 282 1092 portium
297 1008 467 1094 systematis
481 1008 560 1071 inter
575 1030 626 1083 se3
649 1020 816 1093 propterea
830 1007 916 1092 quod
938 1007 1090 1071 linearum
1104 1031 1124 1072 a
1138 1030 1270 1094 corpore
1290 1009 1431 1073 maximo

148 1114 188 1178 ad
203 1114 258 1179 has
273 1115 436 1179 ductarum
454 1117 520 1200 jam
534 1117 633 1201 major
647 1128 695 1179 est
714 1114 873 1178 inclinatio
884 1115 924 1179 ad
945 1117 1087 1195 invicem,
1111 1117 1273 1204 majorque
1295 1137 1430 1202 propor-

149 1223 240 1286 tionis
255 1223 456 1308 inaequalitas

195 1331 291 1394 Corol.
313 1338 344 1393 2.
368 1329 509 1394 Maxime
525 1342 629 1394 autem
642 1329 859 1410 turbabuntur,
875 1331 1023 1417 ponendo
1037 1331 1121 1417 quod
1131 1332 1332 1397 attractiones
1343 1354 1430 1397 αωο-

148 1437 305 1502 ierstrices
318 1439 453 1523 partium
468 1439 647 1525 systematis,
669 1460 774 1503 versus
796 1459 910 1524 corpus
936 1440 1075 1504 omnium
1098 1440 1281 1518 maximum,
1306 1441 1345 1526 (⁸)
1366 1460 1431 1504 non

149 1546 212 1610 sint
225 1545 267 1610 ad
282 1546 413 1609 invicem
427 1546 585 1630 reciproce
599 1559 635 1610 ut
649 1546 799 1632 quadrata
812 1546 1026 1611 distantiarum
1038 1571 1057 1611 a
1068 1569 1199 1632 corpore
1208 1546 1263 1611 illo
1273 1547 1429 1623 maximo3

149 1653 183 1740 (f)
205 1656 378 1739 praesertim
392 1656 417 1718 si
431 1656 639 1740 proportionis
653 1655 743 1741 hujus
759 1657 950 1743 inaequalitas
965 1659 1064 1742 major
1078 1657 1117 1720 sit
1128 1679 1221 1744 quarn
1237 1657 1430 1744 inaequaiitss

147 1764 357 1848 proportionis
372 1763 586 1828 distantiarum
609 1788 628 1828 a
649 1786 779 1850 corpore
802 1765 949 1830 maximo.
995 1766 1077 1830 Nam
1101 1767 1128 1830 si
1146 1767 1193 1829 vis
1217 1766 1428 1845 acceierstrix.

148 1870 307 1957 oequaiiter
321 1883 353 1935 et
366 1871 537 1935 secundum
552 1870 648 1935 lineas
662 1871 825 1955 parallelas
840 1872 972 1960 egendo,
994 1873 1155 1957 perturbat
1172 1885 1277 1938 motus
1292 1874 1376 1938 inter
1387 1896 1428 1951 se,

148 2001 275 2044 necesse
290 1991 347 2056 est,
363 1991 398 2042 ut
412 1999 453 2042 ex
467 1979 595 2042 actionis
609 1979 816 2065 inaequalitate
830 1981 1022 2066 perturbatio
1045 1982 1171 2059 oriatur,
1198 1983 1361 2068 majorque
1384 1982 1428 2060 sit,

148 2088 198 2153 vel
220 2090 323 2153 minor
342 2111 401 2173 pro
426 2091 552 2175 majore,
577 2089 625 2153 vel
647 2090 766 2153 minore
791 2090 1012 2176 inaequalitate.
1058 2089 1214 2156 Excessus
1240 2091 1427 2176 impulsuum

150 2198 312 2281 majorum,
328 2196 450 2284 agendo
464 2198 497 2260 in
512 2198 614 2283 aliqua
629 2219 760 2282 corpora
774 2214 805 2262 et
820 2221 883 2262 non
898 2200 1020 2288 agendo
1034 2201 1067 2263 in
1082 2201 1151 2278 elia,
1175 2200 1351 2265 necessarid
1365 2223 1428 2264 mu·

148 2307 259 2371 tabunt
273 2307 365 2370 situm
380 2329 488 2370 eorum
504 2307 584 2370 inter
598 2330 640 2370 se.
686 2308 727 2372 Et
749 2307 817 2371 haec
836 2310 1038 2393 perturbatio,
1065 2309 1171 2373 addita
1195 2309 1425 2397 perturbationi,

149 2439 219 2502 quae
234 2439 274 2481 ex
287 2417 439 2481 linearum
450 2417 651 2481 'inclinatione
665 2429 696 2481 et
711 2418 917 2504 inaequalitate
932 2419 1040 2496 oritur,
1055 2421 1205 2504 mojorem
1227 2418 1341 2484 reddet
1361 2440 1425 2505 per·

147 2524 356 2588 turbationem
371 2536 477 2588 totam

194 2636 290 2699 Corui.
314 2645 343 2699 8.
367 2635 463 2700 Unde
477 2635 503 2698 si
518 2629 689 2722 systematis
703 2634 794 2722 hujus
807 2649 911 2721 partes
926 2637 958 2699 in
973 2637 1143 2721 ellipsibus,
1164 2638 1215 2701 vel
1229 2637 1353 2703 circulis
1365 2637 1422 2703 sine

147 2741 380 2825 perturbatione
395 2742 511 2829 insigni
524 2750 726 2819 moveantur3
749 2743 944 2808 manifestum
960 2755 1016 2821 est,
1033 2744 1118 2830 quod
1134 2743 1254 2808 eaedem
1277 2768 1298 2809 a
1320 2743 1421 2809 viribus

149 2852 423 2930 acceleratricibus,
439 2851 480 2916 ad
496 2851 556 2916 alia
572 2874 705 2937 corpora
718 2851 926 2930 tendentibus,
943 2863 1073 2915 autnon
1088 2865 1241 2940 urgentur
1262 2853 1323 2917 nisi
1344 2850 1422 2917 levis·

149 2957 236 3039 sime,
252 2972 305 3024 aut
320 2972 471 3048 urgentur
487 2958 658 3046 aequaliter,
674 2971 705 3024 et
720 2959 889 3023 secundum
905 2959 1001 3024 lineas
1015 2958 1178 3043 parallelas
1189 2955 1421 3047 quamproximl·

344 3237 629 3305 PROPOSITIO
652 3237 778 3303 LXVI.
823 3235 1093 3302 THEOREMA
1116 3236 1249 3302 XXVI.

150 3414 185 3480 Si
198 3432 322 3496 corpora
336 3415 408 3490 trr’a,
424 3434 542 3496 qaorron
556 3414 632 3476 eires
646 3413 810 3474 decrescunt
825 3412 857 3473 ire
872 3407 1024 3491 duplicotd
1039 3409 1157 3471 ratione
1170 3410 1382 3486 districtim,
1399 3400 1453 3471 ε’

193 3528 290 3583 reduc
303 3520 448 3591 trahunt,⁸
471 3528 500 3582 et
514 3520 703 3582 attractiones
717 3517 932 3580 eccelerotrices
946 3516 1078 3578 &noram
1093 3536 1321 3600 quemcumqu
1330 3517 1453 3579 inter·

194 3628 265 3690 tium
280 3628 340 3690 sint
354 3628 432 3688 inter
444 3647 475 3689 se
488 3623 633 3708 reciproce*
646 3634 679 3687 at
693 3627 842 3708 qrrodreta
858 3624 1088 3693 distantiarum
1112 3625 1229 3706 ranem
1244 3632 1337 3686 anun
1349 3620 1452 3686 circa

193 3733 348 3795 marimum
362 3734 569 3795 revolvantur:
592 3733 657 3794 dico
671 3733 749 3814 qaod
762 3732 885 3794 interius
899 3731 978 3792 cirea
993 3730 1126 3792 intimum
1148 3737 1177 3792 et
1196 3731 1357 3806 morinen,
1373 3740 1466 3789 rw·

191 3840 252 3903 diis
266 3840 307 3903 ed
329 3839 422 3921 pam
445 3839 547 3915 ductis,
571 3839 711 3902 describet
728 3860 815 3900 areos
836 3837 1011 3920 temporibus
1025 3838 1119 3921 magis
1136 3839 1377 3920 minuta,
1413 3831 1447 3889 ὀ

148 4033 245 4084 ensem
258 4029 390 4079 umam
401 4030 474 4092 poan
488 4031 621 4092 mur-m
638 4030 773 4088 semare,
807 4032 958 4088 mmm,
973 4032 1002 4089 r,
1014 4048 1036 4079 v.
1049 4047 1085 4095 gt.
1098 4031 1123 4080 a
1134 4032 1224 4082 name
1232 4031 1348 4095 fasma
1355 4016 1436 4095 μδ

148 4111 172 4147 et
192 4096 269 4162 megia
286 4095 363 4144 adhoc
380 4094 509 4143 decrescere
526 4096 592 4142 illam
614 4096 775 4142 musmonem
807 4097 849 4143 rati
861 4095 975 4144 dissentire
985 4113 1060 4143 suae
1075 4112 1171 4157 corpore
1189 4098 1293 4146 maximo
1304 4098 1336 4156 ὃς
1349 4078 1432 4158 ped

148 4171 245 4223 oportet,
264 4169 292 4207 ut
309 4159 421 4207 describet
439 4159 588 4220 hyperbolem
606 4162 658 4223 (per
681 4160 735 4207 Cor.
750 4165 772 4208 7.
808 4160 832 4207 in
843 4161 932 4207 ratione
943 4162 996 4207 cubi
1007 4160 1128 4208 distentio.

151 4226 221 4287 Prop.
237 4229 276 4273 to.
290 4234 314 4271 et
326 4223 396 4271 Dent
411 4223 482 4284 Prop.
498 4223 550 4284 17.)
842 4224 873 4287 (¹)
892 4230 904 4255 ⁸
923 4228 1054 4273 Praeertr'm
1065 4228 1240 4287 riprryrortions’a
1249 4227 1317 4289 suju
1331 4228 1421 4287 inp·

181 4288 214 4352 (⁴¹)
231 4293 245 4323 ⁰
265 4291 297 4337 In
307 4305 363 4337 cera
374 4286 410 4334 9⁰.
429 4305 473 4351 qao
481 4287 574 4349 respuis
592 4290 678 4335 moedis
697 4304 779 4349 corpas
808 4290 867 4342 lites,
879 4289 922 4336 dc.
957 4289 1068 4350 Exempli
1079 4289 1155 4343 cana&
1166 4290 1187 4336 η’
1197 4290 1419 4353 nquit-m

150 4357 252 4406 omniun
264 4355 390 4401 marimum
400 4354 431 4399 od
446 4362 541 4414 system
551 4354 649 4399 dmm
660 4355 695 4400 eet
703 4355 778 4427 ptari-
809 4354 899 4400 tionum
910 4353 1096 4400 meeleratncurn
1107 4353 1132 4400 iu
1143 4354 1278 4415 oerpmha
1290 4355 1318 4413 P,
1325 4369 1348 4416 p.
1357 4346 1418 4413 fl!

149 4414 710 4541 immensuratum
809 4416 1415 4543 ussermann*
1340 4409 1414 4492 ⁸⁹⁶

150 4542 197 4590 nite
207 4542 284 4594 disort-
296 4542 352 4604 πρὸ
363 4542 391 4591 ed
399 4546 470 4606 magu
478 4545 715 4592 mrbotomsrmotas
722 4561 779 4606 par-
810 4555 885 4592 essent
895 4545 919 4591 iu
930 4544 984 4592 deti
993 4545 1089 4601 udone,
1108 4558 1260 4596 ammte
1275 4544 1416 4596 dient‘m

148 4610 208 4656 tieem
219 4610 346 4670 meantia
355 4611 417 4656 inter
427 4625 457 4656 se·
810 4609 827 4656 S
840 4609 866 4662 P.
880 4609 897 4657 S
908 4625 923 4669 p
934 4608 1071 4665 differendi,
1080 4609 1175 4671 qrssndo
1184 4607 1419 4672 manhu·

181 4671 217 4734 (²)
235 4676 248 4701 ⁰
269 4672 325 4719 Non
336 4675 380 4720 rint
391 4675 421 4719 od
431 4674 526 4720 innam
536 4671 706 4733 reciprocatio
726 4671 777 4718 Ex·
809 4672 942 4735 longissimi
953 4672 1030 4730 distat,
1047 4684 1192 4722 evanescent
1210 4690 1306 4742 (μαψ
1320 4672 1419 4726 m

149 4733 318 4799 enipiiesrrsir
336 4734 361 4784 Si
379 4750 474 4798 corpore
493 4736 520 4795 Ρ,
532 4751 556 4798 p,
574 4735 670 4784 densis
688 4734 779 4800 legibus
810 4736 1226 4803 mmecoeleaeioamtnaquatin.
