3202 5446
158 135 198 191 10
472 119 812 191 PHILOSOPHIAE
839 119 1113 186 NATURALIS
1263 120 1445 198 [Daritim.

191 312 223 399 (¹)
247 312 387 397 Tempus
401 309 590 376 Absolutum
605 332 624 372 a
638 306 766 371 relativo
780 304 978 394 distinguitur
991 304 1024 367 in
1039 301 1240 370 Astronomih
1254 326 1313 390 per
1327 302 1451 392 AEqua·

148 422 265 485 tionem
279 419 427 505 temporis
449 417 544 505 vulgi
598 413 771 501 Inaequales
794 413 878 477 enim
901 424 973 476 sunt
995 410 1060 477 dies
1083 411 1248 491 naturales,
1275 411 1332 498 qui
1353 412 1451 502 vulgo

149 543 297 614 tanquam
311 525 445 613 aequales
467 546 527 610 pro
540 544 686 587 mensura
708 521 855 605 temporis
878 520 1041 584 habentur.
1088 518 1184 584 Hanc
1206 518 1451 606 inaequalitateru

150 637 311 722 corrigunt
325 631 517 709 Astronomi‚
543 642 579 693 ut
601 652 641 693 ex
655 628 776 692 veriore
798 638 938 711 tempore
963 637 1144 690 mensurent
1167 637 1271 690 motus
1297 625 1451 692 ooelestes.

150 741 302 807 Possibile
316 752 371 819 est,
388 752 423 802 ut
431 738 533 802 nullus
542 737 581 801 sit
591 747 693 800 motus
702 734 861 821 aequabilis
870 756 933 820 quo
943 734 1083 818 Tempus
1094 732 1236 799 accurati
1244 746 1451 800 mensuretur.

152 849 330 914 Accelerari
345 859 377 911 et
390 845 540 911 retardari
553 856 684 930 possunt
702 854 805 906 motus
819 864 936 920 omnes,
961 841 1015 905 sed
1029 841 1132 904 fluxus
1145 841 1294 926 temporis
1318 841 1453 907 absoluti

152 957 267 1020 mutari
281 954 397 1041 nequit.
443 952 563 1017 Eadem
587 964 634 1015 est
658 950 782 1013 duratio
796 972 850 1012 seu
873 949 1102 1033 perseverantia
1130 948 1304 1033 existentiae
1326 970 1452 1026 rerum3

153 1065 217 1127 sive
231 1075 333 1126 motus
348 1062 411 1126 sint
421 1060 545 1138 celeres,
562 1059 624 1122 sive
638 1057 729 1135 tardi,
755 1057 818 1120 sive
832 1056 926 1120 nulli:
948 1056 1081 1141 proinde
1103 1055 1172 1120 haec
1189 1079 1209 1120 a
1222 1057 1378 1121 mensuris
1392 1057 1454 1121 suis

152 1170 346 1234 sensibilibus
369 1165 480 1231 merith
503 1165 712 1253 distinguitur,
737 1176 822 1228 etex
837 1163 948 1227 iisdem
963 1163 1120 1250 colligitur
1144 1185 1202 1248 per
1226 1163 1451 1250 AEquationem

155 1277 415 1343 Astronomicam.
462 1274 567 1358 Hujus
587 1285 690 1336 sutem
709 1269 892 1356 aequationis
914 1270 947 1332 in
962 1269 1204 1333 determinandis
1230 1268 1453 1336 Phaenomenis

154 1384 326 1460 necessitas,
351 1394 417 1445 tum
442 1402 499 1465 par
513 1379 761 1464 experimentum
778 1377 947 1465 Horologii
973 1376 1172 1456 Oscillatorii,
1198 1388 1266 1441 tum
1288 1378 1385 1443 etiam
1398 1398 1456 1463 per

153 1492 281 1575 eclipses
297 1489 470 1556 Satellitum
484 1488 571 1552 Jovis
586 1486 744 1550 evincitur.

199 1599 246 1664 Ut
260 1597 338 1661 ordo
352 1597 488 1683 partium
504 1595 671 1679 Temporis
685 1607 731 1657 est
745 1591 954 1669 immutabilis,
971 1591 1015 1656 sic
1029 1592 1125 1656 etiam
1133 1592 1212 1657 ordo
1226 1594 1364 1679 psttiurh
1375 1596 1456 1680 Sps-

153 1707 198 1770 tii.
244 1706 434 1770 Moveantur
448 1704 517 1766 haec
531 1702 571 1765 de
593 1700 670 1764 locis
684 1700 755 1777 suis,
772 1712 804 1763 et
817 1700 1025 1764 movebuntur
1040 1705 1088 1785 (ut
1101 1700 1146 1764 its
1159 1699 1274 1782 dicam)
1283 1700 1325 1765 de
1338 1702 1457 1788 scipsis.

157 1813 241 1877 Nam
255 1823 397 1896 tempora
411 1822 443 1874 et
457 1809 555 1894 spatia
569 1819 641 1871 sunt
654 1808 701 1870 sui
716 1808 854 1891 ipsorum
869 1820 901 1871 et
913 1829 1019 1870 rerum
1028 1808 1168 1871 omnium
1177 1807 1263 1895 qussi
1274 1808 1372 1874 loca.
1418 1810 1457 1875 In

157 1921 321 2003 Tempore
330 1916 434 2003 quoad
449 1916 591 1979 ordinem
600 1914 814 1991 successionis3
829 1915 862 1976 in
875 1915 984 1999 Spatio
993 1914 1096 2002 quoad
1110 1915 1253 1979 ordinem
1263 1915 1339 1979 situs
1349 1917 1458 1983 locun·

158 2039 210 2089 tur
225 2026 376 2088 universa.
431 2024 484 2088 De
498 2023 624 2086 illorum
639 2022 771 2087 essentia
783 2035 831 2086 est
844 2035 880 2086 ut
891 2023 955 2086 sint
970 2024 1074 2087 Iaca:
1094 2010 1212 2088 etloca
1224 2024 1377 2108 primaria
1389 2047 1459 2089 mo·

157 2133 223 2196 veri
238 2130 406 2195 absurdum
421 2142 474 2194 est.
521 2130 604 2194 Haec
618 2142 691 2193 sunt
715 2130 810 2217 igitur
823 2130 965 2194 absoluta
979 2130 1084 2209 Loca3
1108 2144 1140 2195 et
1153 2130 1228 2194 soloe
1241 2131 1459 2197 manum

158 2239 199 2303 de
213 2239 261 2303 his
276 2238 352 2301 locis
366 2251 439 2301 sunt
452 2237 586 2302 absoluti
601 2237 719 2303 Motus.

204 2347 323 2410 Verum
334 2347 481 2432 quoniam
495 2345 546 2409 hae
563 2346 661 2430 Spatii
675 2357 779 2430 partes
792 2345 890 2410 videri
901 2358 1067 2433 nequeunt,
1080 2360 1112 2411 et
1126 2347 1307 2411 abinvicem
1316 2370 1376 2434 per
1389 2370 1460 2414 serr·

159 2477 210 2517 sus
225 2467 346 2517 nostros
360 2453 509 2541 distingui
517 2478 527 2530 ;
550 2476 656 2517 earum
671 2454 737 2517 n‘ce
752 2453 934 2518 adhibemus
948 2477 1108 2519 mensuras
1123 2454 1288 2521 sensibiles.
1334 2456 1389 2521 Ex
1401 2478 1461 2545 po·

159 2561 321 2625 sitionibus
335 2562 419 2625 enim
434 2573 465 2624 et
479 2561 630 2624 distantiis
644 2583 750 2625 rerum
765 2559 784 2623 ri
798 2583 930 2647 corpore
944 2561 1058 2648 aliquo,
1074 2562 1159 2648 quod
1169 2575 1343 2647 spectamus
1351 2577 1389 2629 ut
1402 2565 1461 2629 im-

160 2669 285 2746 mobile,
306 2667 471 2731 definimus
485 2668 553 2732 loca
568 2669 726 2732 universa:
755 2668 869 2732 deinde
883 2669 975 2732 etiam
990 2682 1022 2732 et
1035 2692 1142 2733 omnes
1156 2683 1259 2734 motus
1272 2672 1463 2737 aestimamus

161 2800 233 2840 cum
262 2789 403 2860 respectu
429 2775 468 2839 ad
492 2776 642 2861 praedicta
665 2776 743 2855 loca,
778 2789 928 2863 quatenus
952 2799 1084 2862 corpora
1106 2778 1146 2841 ab
1169 2778 1278 2843 iisdem
1300 2781 1462 2847 uanderri

162 2883 361 2966 concipimus.
408 2883 460 2948 Sic
474 2884 540 2947 vice
560 2882 698 2946 locorum
723 2896 754 2947 ct
777 2897 918 2948 motuum
942 2884 1153 2949 absolutorum
1176 2886 1308 2951 relativis
1331 2891 1460 2970 utimur,

161 3013 219 3054 nec
234 2989 429 3053 incommodi
454 2990 486 3052 in
501 2990 593 3054 rebus
607 2990 767 3054 humanis:
793 2993 826 3055 in
846 2991 1072 3076 Philosophicis
1098 3007 1201 3057 autem
1215 2994 1460 3063 abstrahendum

162 3111 208 3163 est
227 3098 407 3162 usensibus.
454 3098 536 3161 Fieri
560 3100 674 3162 etenim
696 3112 807 3184 potest,
824 3112 860 3163 ut
873 3100 994 3164 nullum
1008 3123 1115 3165 revera
1129 3103 1266 3188 quiescat
1279 3124 1406 3188 eorpus,
1421 3104 1462 3170 ad

163 3205 248 3293 quod
264 3205 333 3269 locu
347 3217 509 3290 motusque
525 3205 707 3279 referantur.

207 3314 450 3400 Distinguuntur
465 3326 567 3376 autem
590 3313 687 3388 Quies
702 3326 733 3378 et
749 3315 858 3378 Motus
872 3315 1004 3378 absoluti
1027 3327 1058 3378 et
1072 3315 1190 3379 relativi
1204 3317 1244 3380 ab
1257 3315 1393 3381 invicem
1406 3340 1463 3405 per

167 3422 376 3505 Proprietates
398 3444 466 3484 suas
481 3434 512 3484 et
529 3422 645 3485 Causas
659 3435 690 3485 ct
706 3422 851 3487 Effectus.
897 3422 1020 3499 Quietis
1033 3424 1206 3509 proprietas
1219 3436 1275 3503 est,
1291 3424 1379 3510 quod
1392 3448 1462 3491 cerr·

163 3550 242 3612 pora
268 3527 338 3591 seri
362 3529 549 3613 quiescentia
568 3530 730 3615 quiescunt
755 3530 834 3593 inter
855 3553 896 3593 se.
942 3530 1080 3616 Ideoque
1099 3554 1171 3595 cum
1190 3532 1336 3617 possibile
1356 3534 1405 3615 sit,
1426 3546 1462 3597 ut

165 3658 277 3719 corpus
291 3635 418 3721 aliquod
434 3635 466 3697 in
482 3636 658 3723 regionibus
676 3637 835 3715 Fixurum,
852 3650 905 3701 aut
919 3636 1012 3725 longai
1037 3638 1128 3718 ultra,
1152 3640 1289 3725 quiescat
1302 3640 1460 3719 absoluta

165 3743 235 3805 sciri
251 3756 353 3806 autem
369 3765 432 3805 non
448 3744 545 3826 possit
558 3766 598 3807 ex
613 3744 674 3808 situ
690 3766 855 3828 corporum
871 3744 1058 3809 adinvicem
1083 3746 1117 3809 in
1142 3747 1321 3835 regionibus
1335 3750 1459 3828 nocuis,

164 3849 318 3913 horumne
332 3849 461 3935 aliquod
487 3850 527 3913 ad
553 3850 758 3937 longinquum
782 3852 868 3916 illum
885 3852 989 3916 (lutam
1015 3854 1201 3937 positionem
1226 3870 1326 3921 servet
1352 3880 1460 3936 necne,

166 3957 252 4042 quies
269 3980 339 4020 vera
354 3980 394 4020 ex
408 3956 522 4020 horum
536 3957 597 4020 situ
613 3958 692 4021 inter
707 3982 739 4022 se
754 3958 877 4023 definiri
891 3960 1008 4046 nequit.

165 4153 232 4190 motu
243 4152 356 4204 tanquam
373 4141 481 4191 accurati
496 4142 625 4191 durationis
639 4145 749 4193 mensuri
765 4146 800 4193 uti
832 4163 852 4194 e.
863 4147 1239 4208 tempuspersolisreselutionem
1245 4151 1464 4213 menarraunnfin-

165 4222 293 4269 possemus
340 4207 430 4253 Verum
440 4223 564 4268 corporum
581 4208 709 4256 celadum
721 4222 745 4257 et
758 4212 800 4256 ho-
832 4211 942 4269 tcrcedit;
965 4229 1018 4274 quae
1034 4213 1131 4274 proinde
1147 4214 1246 4275 tempori
1263 4215 1361 4263 relativo
1373 4218 1463 4279 junna.

166 4271 309 4331 relegiorum
320 4283 405 4323 motus,
424 4288 483 4333 quos
496 4271 526 4318 sd
537 4274 649 4333 temporis
665 4289 799 4321 mensuram
831 4276 868 4322 rel
879 4278 909 4322 ab
920 4291 948 4323 co
959 4276 1074 4326 subducta
1084 4278 1177 4326 coniicit
1187 4288 1281 4341 tempu
1296 4280 1432 4329 ebulum
1440 4290 1464 4329 et

166 4337 312 4388 adhibemus,
335 4335 389 4382 licet
406 4336 478 4398 vulgi)
495 4349 656 4398 supponantur
668 4339 798 4401 aequabiles.
831 4342 881 4387 rice
892 4341 963 4388 versi.

166 4401 235 4448 variis
246 4411 324 4447 umen
336 4415 364 4446 ex
376 4400 452 4446 causis
462 4400 620 4448 accelerantur
631 4401 667 4448 vel
681 4403 799 4449 retardan-
864 4406 909 4468 (ml
928 4412 965 4453 is.
986 4407 1127 4468 Gyrsntium
1142 4423 1266 4469 corporum
1277 4418 1355 4470 partes
1364 4408 1466 4475 singula

167 4478 211 4517 tur.
224 4465 303 4525 sicque
313 4479 429 4511 mensura
441 4464 486 4512 illae
496 4466 604 4528 vulgares
615 4482 662 4512 non
673 4478 729 4514 sunt
739 4479 799 4514 tem
830 4469 855 4516 in
867 4471 946 4518 orbitis
956 4473 1089 4519 cursilineis
1098 4484 1230 4528 morantur,
1242 4473 1347 4536 sdelque
1359 4476 1415 4539 (¹0)
1424 4488 1467 4535 ptr

167 4530 217 4591 pori
229 4528 336 4576 absoluto
346 4528 536 4589 proportionales.
831 4545 953 4596 ungentes
970 4538 1098 4584 orbitarum
1110 4538 1226 4600 progredi.
1238 4551 1308 4602 utque
1324 4538 1359 4586 its
1374 4540 1405 4587 ab
1421 4552 1467 4587 m

193 4600 222 4653 (ι)
234 4600 268 4640 17.
281 4594 740 4655 :Equstioternporisdiciturdillerentis
748 4614 802 4659 quoe
834 4600 912 4647 moitis
922 4606 1029 4649 recedere
1041 4601 1164 4660 nituntur;
1182 4614 1209 4650 ut
1219 4602 1465 4665 sitrochusrelqrhoe·

168 4659 227 4706 intur
236 4670 329 4720 ternpus
335 4659 467 4707 ubwluturn
474 4671 497 4707 st
509 4670 602 4722 tempus
615 4661 744 4718 relativum,
765 4665 798 4728 (li.
834 4666 930 4715 meires
940 4684 1007 4715 arem
1020 4677 1116 4721 rotatur,
1128 4667 1229 4730 singulm
1240 4668 1335 4719 illerum
1341 4682 1467 4730 murorum
