3202 5446
159 439 274 508 Ltsaa
292 439 456 521 ratane]
503 437 746 508 PRINCIPIA
771 436 1147 515 Marnuufflca
1391 446 1452 512 ttt

156 617 329 685 Cartesius.
375 616 520 704 Namque
535 617 637 683 lucent
653 615 825 684 successive
838 616 1008 706 propagari
1030 629 1064 684 et
1088 617 1190 702 spatio
1215 616 1304 704 quasi
1329 629 1448 704 septem

155 725 207 790 vel
222 736 294 790 octo
315 723 508 796 minutorum
532 725 705 810 primorum
720 748 740 790 a
754 724 820 791 sole
840 725 881 789 sd
907 741 1022 790 terrum
1050 724 1163 803 venire,
1187 724 1227 810 (¹¹)
1238 725 1304 810 jam
1330 738 1453 791 constat

153 857 213 922 per
227 833 437 920 phoenomenu
453 833 622 898 satellitum
636 834 734 913 Jovis,
751 834 1018 900 observationibus
1041 834 1234 899 diversorum
1256 850 1452 901 astronomo-

154 965 227 1008 rum
242 942 436 1007 confirntuta.
485 942 580 1007 ltudii
595 954 697 1007 autern
714 943 748 1006 in
763 947 835 1009 a‘eIre
855 945 1023 1008 existentes
1046 942 1105 1027 (uti
1120 941 1241 1006 dudum
1257 942 1450 1022 Grimaldus,

154 1051 226 1116 luce
240 1073 299 1136 per
312 1049 455 1115 foramen
470 1049 502 1112 in
518 1049 718 1115 tenebrosum
734 1050 912 1116 cubiculum
928 1050 1074 1127 admissis,
1097 1048 1225 1128 invenit,
1249 1049 1361 1133 etipse
1375 1073 1451 1138 quu-

154 1183 217 1247 que
232 1171 380 1245 expertus
395 1159 478 1240 sum)
495 1161 528 1221 in
543 1159 675 1224 transitu
690 1182 748 1224 suo
762 1181 865 1245 prope
884 1183 1052 1246 corporum
1067 1163 1117 1226 vel
1132 1183 1302 1246 opacorum
1317 1161 1366 1226 vel
1380 1183 1453 1247 per·

142 1254 336 1357 ‘apicuorum
350 1269 482 1358 angulos
498 1271 618 1356 (quales
633 1284 706 1334 sunt
721 1293 922 1335 nummorum
937 1294 978 1337 ex
992 1294 1080 1352 auto,
1093 1285 1224 1361 argento
1239 1285 1270 1335 et
1284 1293 1348 1335 aete
1363 1292 1453 1334 cuso·

153 1400 226 1442 rum
242 1376 366 1442 termini
382 1376 556 1464 rectanguli
571 1377 747 1456 circulares,
764 1390 795 1441 et
810 1377 992 1457 cultrorum,
1009 1378 1148 1464 lapidum
1163 1390 1218 1444 aut
1229 1377 1453 1442 fractorumvi·

153 1499 276 1551 trorum
291 1486 386 1567 acies)
403 1485 606 1550 incurvantur
622 1485 739 1549 circum
754 1507 897 1571 corpora,
921 1489 1009 1575 quasi
1028 1489 1154 1578 attracti
1166 1490 1197 1552 in
1214 1487 1344 1564 eadem3
1366 1500 1452 1553 etex

153 1593 204 1658 his
221 1592 328 1672 radiis,
345 1593 447 1680 quiin
462 1593 595 1657 transitu
617 1591 672 1657 illo
696 1592 827 1677 propius
850 1595 1004 1660 accedunt
1029 1595 1069 1660 ad
1095 1618 1228 1681 corpora
1250 1596 1453 1659 incurvantur

153 1703 264 1791 magis,
288 1703 329 1787 (²)
345 1702 433 1788 quasi
448 1702 548 1790 magis
570 1701 702 1779 attracti,
729 1715 764 1766 ut
789 1703 855 1788 ipse
880 1704 975 1769 etiam
998 1706 1165 1794 diligenter
1188 1705 1361 1770 observavi.
1409 1705 1453 1769 Et

153 1813 207 1901 qui
229 1825 393 1877 transeunt
414 1810 454 1876 ad
479 1813 612 1898 majores
635 1811 798 1876 distantias
820 1813 923 1878 minus
945 1816 1165 1895 incurvantur3
1187 1829 1219 1881 et
1234 1816 1275 1880 ad
1289 1813 1452 1880 distantias

153 1922 257 1989 adhuc
272 1924 406 2009 majores
423 1922 625 1987 incurvantur
639 1922 868 2009 aliquantulum
879 1924 920 1989 ad
934 1939 1039 2010 partes
1054 1927 1236 2005 contrarias,
1259 1938 1292 1992 et
1313 1939 1376 1991 tres
1398 1947 1452 1990 co-

152 2032 560 2098 lorumfusciasefformant.
596 2032 728 2120 Inligu·
787 2119 789 2122 Ι

152 2162 186 2204 ru
202 2139 347 2228 designat
361 2162 377 2202 s
392 2139 490 2204 aciem
504 2139 596 2204 cultri
610 2139 659 2203 vel
675 2161 730 2204 cu·
933 2166 967 2242 A

151 2248 493 2334 neicujusvisAs133
515 2249 728 2338 etgowog,

151 2352 732 2435 iuunssemtme,dlsldsunt
788 2355 860 2472 tp...

152 2467 242 2545 radii,
259 2469 394 2532 arcubus
409 2490 429 2532 o
443 2491 471 2531 w
486 2491 516 2544 o,
532 2491 563 2532 m
579 2481 649 2547 tm,
662 2468 674 2532 l
689 2467 730 2534 sl
772 2522 773 2525 ,
794 2495 946 2563 t
1058 2485 1061 2492 '

151 2602 259 2645 versus
282 2581 418 2646 cultrum
440 2582 591 2646 incurvati
603 2605 612 2659 3
635 2581 730 2670 idque
788 2584 1028 2668 ξ

150 2690 252 2778 magis
268 2690 317 2755 vel
335 2691 437 2769 minus
452 2714 512 2776 pro
523 2690 731 2757 distantiaeo-
929 2678 944 2703 ²
1041 2674 1058 2698 ”

151 2819 223 2865 rum
239 2800 384 2866 scultro.
431 2801 512 2866 Cum
535 2815 640 2866 autem
662 2802 732 2868 talis

146 2888 328 2987 incurvatio
343 2908 502 2972 radiorum
525 2909 581 2972 liat
607 2908 640 2972 in
662 2913 734 2975 a'ere

152 3032 246 3083 extra
275 3018 420 3096 cultrum,
452 3018 612 3083 debebunt
641 3019 734 3083 etiam

152 3129 243 3207 radii,
260 3131 315 3216 qui
329 3127 474 3194 incidunt
489 3130 521 3193 in
539 3129 684 3208 cultrum,
701 3130 788 3215 prius
803 3128 960 3194 incurvati
985 3129 1018 3193 in
1040 3130 1113 3194 aire
1136 3150 1229 3214 quam
1252 3129 1387 3196 cultrum
1409 3145 1456 3197 st·

151 3236 288 3335 tingunt.
338 3237 381 3303 Et
394 3259 453 3322 par
469 3249 518 3303 est
532 3238 613 3302 ratio
628 3237 834 3302 incidentium
849 3237 881 3299 in
897 3236 1022 3300 vitrum.
1067 3236 1107 3320 (⁸)
1132 3234 1184 3300 Fit
1194 3235 1289 3324 igitur
1300 3235 1456 3316 refractio,

152 3339 218 3410 nott
233 3344 267 3408 in
282 3357 402 3430 puncto
418 3344 609 3423 incidentiae,
628 3345 682 3410 sed
697 3345 847 3430 paulatim
862 3365 921 3429 per
940 3344 1119 3408 continuam
1141 3342 1386 3409 incurvationem
1409 3368 1458 3410 ra·

153 3577 236 3630 datam
257 3594 353 3643 quoque
375 3594 425 3627 esse
443 3578 556 3627 rationem
579 3578 694 3627 linearum
715 3579 736 3626 C
758 3578 792 3631 H.
827 3576 1031 3625 instantaneanon
1043 3574 1137 3633 estred
1148 3576 1284 3634 successiva,
1301 3587 1325 3625 et
1340 3593 1382 3638 per
1397 3577 1459 3626 othir

155 3642 184 3694 H
210 3643 233 3693 r.
255 3659 310 3707 quta
331 3655 388 3692 sunt
409 3644 474 3691 ainus
494 3643 637 3706 angulorum
659 3642 794 3691 incidentia
827 3641 1056 3705 magnidiant'etrum
1063 3641 1165 3688 sensibili
1174 3639 1253 3704 aliquo
1260 3651 1363 3703 ternpore
1370 3642 1459 3690 diffun-

158 3709 181 3758 c
194 3709 216 3756 B
230 3707 268 3764 H,
286 3718 310 3756 et
326 3708 477 3772 emergentia
497 3708 523 3756 H
539 3707 559 3755 F
571 3708 593 3756 E
614 3708 693 3771 (558).
730 3708 794 3755 Nam
825 3705 901 3754 datur.
915 3720 1008 3753 necesse
1018 3715 1053 3752 est
1065 3717 1092 3752 ut
1102 3705 1207 3752 satellitis
1217 3706 1329 3768 ecclipsis,
1341 3722 1393 3769 qun
1402 3721 1460 3754 con·

156 3771 239 3823 BH=
256 3773 279 3821 G
294 3773 319 3821 H
337 3793 373 3819 =
396 3773 456 3821 CH
478 3792 484 3820 t
510 3778 532 3820 Δ
547 3773 572 3820 H
607 3789 648 3821 seu
668 3774 690 3820 B
711 3772 751 3831 H)
771 3782 795 3819 et
826 3771 897 3835 tingit
907 3769 965 3817 dum
976 3769 1044 3820 Jovia
1054 3771 1161 3818 umbram
1173 3770 1243 3827 subit,
1259 3771 1347 3818 tardius
1363 3787 1378 3818 a
1393 3772 1460 3820 nubis

157 3835 184 3886 H
200 3838 226 3885 H
240 3856 246 3885 t
264 3837 285 3886 F
299 3838 322 3886 Η
337 3842 390 3901 (seu
404 3839 425 3886 B
440 3837 479 3897 H)
495 3857 530 3883 =
550 3838 575 3885 H
591 3777 615 3884 H
632 3840 684 3899 (stu
698 3837 719 3884 B
733 3836 772 3898 H)
785 3855 792 3884 t
827 3835 934 3883 videatur
944 3834 969 3880 in
980 3833 1062 3910 maiori
1074 3829 1115 3881 titt
1130 3834 1198 3884 Jovis
1213 3834 1330 3892 distantii,
1349 3834 1419 3884 citius
1434 3835 1459 3883 in

158 3901 185 3951 H
201 3901 308 3959 B,eter
321 3902 432 3964 equod(
448 3903 472 3949 H
488 3922 493 3949 ι
511 3903 532 3949 G
547 3901 650 3949 H=C
664 3901 709 3950 H:
725 3900 752 3949 H
764 3902 792 3948 Ε.
828 3900 920 3954 minori.
931 3908 954 3946 at
972 3897 1001 3946 ue
1017 3897 1111 3946 utitem
1127 3915 1151 3945 se
1166 3900 1252 3946 haltere
1265 3899 1396 3948 liuenterus
1408 3899 1460 3948 alii.

157 3964 242 4022 Quare
253 3965 308 4014 dati
320 3965 410 4014 ratione
423 3968 445 4015 G
460 3966 486 4015 H
499 3966 529 4014 ad
543 3966 567 4014 K
579 3966 614 4021 H,
626 3965 695 4015 datur
703 3979 797 4029 quoque
827 3980 875 4028 que
885 3915 971 4011 deindl
986 3963 1066 4025 plures
1076 3963 1201 4010 astronomi
1213 3966 1369 4012 observarunt.
1406 3965 1461 4012 Cn·

154 4031 216 4079 ratio
230 4029 255 4079 H
271 4030 293 4078 E
306 4030 335 4078 ad
350 4032 371 4079 C
385 4031 421 4080 H.
828 4039 905 4077 tetum
917 4028 955 4076 alii
967 4043 1044 4075 causa
1055 4028 1297 4088 pretersuccessivam
1308 4027 1367 4076 lucis
1376 4044 1460 4091 propa·

188 4095 226 4161 (⁸)
246 4101 257 4126 ’
276 4099 333 4146 Jum
349 4105 436 4144 emunt
444 4113 488 4158 per
501 4101 660 4159 piternnatam.
700 4093 798 4155 Jupiter
828 4093 948 4157 guttatam
959 4091 1140 4155 inequalitatem
1150 4092 1213 4139 illam
1223 4092 1348 4141 satellitum
1358 4093 1462 4142 tttltuao·

157 4175 214 4210 cttut
233 4158 284 4207 suia
304 4172 407 4223 quatuor
425 4161 563 4208 satellitibus
582 4159 643 4207 circii
665 4159 739 4207 soltm
754 4157 799 4206 ceu
831 4156 885 4206 dem
897 4156 1078 4205 esseruntendit
1091 4156 1184 4205 Clarias.
1201 4156 1323 4204 Marcidus
1338 4157 1363 4204 in
1374 4173 1461 4207 comm.

157 4237 268 4274 centrum
285 4225 413 4272 revolt-itur
429 4224 453 4271 iu
474 4225 601 4287 trajectorti
620 4241 673 4286 quae
689 4223 799 4270 tellurem
835 4221 908 4270 l'sris.
925 4225 993 4270 ttot.
1007 4221 1070 4283 quod
1081 4220 1151 4268 etiam
1161 4222 1209 4282 jstn
1220 4231 1287 4268 antea
1300 4222 1342 4271 illa
1377 4223 1462 4273 oCaa·

155 4287 248 4338 ambitu
260 4305 305 4336 suo
322 4289 493 4350 complectitur,
515 4288 578 4336 unde
595 4288 622 4336 fit
639 4299 666 4336 ut
684 4284 799 4349 petpetud
830 4287 882 4333 sino
898 4285 974 4333 visum
991 4285 1074 4333 iuerat.
1112 4285 1159 4334 Sed
1177 4284 1325 4334 Clarissimus
1367 4289 1462 4352 ranjmr

155 4365 266 4402 mutetur
283 4353 352 4404 Jovis
362 4370 377 4401 a
387 4354 473 4401 tellure
492 4353 610 4409 (limantio,
628 4368 690 4415 que,
710 4351 800 4399 ceteris
831 4351 883 4413 ejus
890 4351 1035 4414 argumentis
1043 4349 1197 4411 respondetin
1206 4363 1291 4397 comm.
1304 4351 1378 4399 Paris.
1392 4357 1460 4402 1732

157 4419 262 4482 paribus,
274 4417 373 4465 minima
385 4429 427 4474 eat,
440 4419 524 4465 tellure
531 4418 604 4463 solem
614 4417 675 4463 inter
683 4426 705 4463 ut
714 4415 800 4465 Jovrm
832 4416 916 4462 burum
928 4413 1098 4462 dissertationes
1109 4413 1160 4461 vida
1171 4412 1210 4461 sia.

158 4482 497 4545 ptteiti,ma1imaverti,sole
512 4483 573 4528 inter
588 4481 673 4531 Jovcm
691 4491 714 4527 et
730 4479 800 4527 telltt-
866 4478 903 4542 (¹)
922 4483 935 4510 ⁹
956 4483 1029 4534 thar'
1038 4482 1110 4538 erupis
1121 4482 1220 4526 attracti.
1259 4478 1314 4527 Alia
1324 4480 1465 4545 egregiam.

159 4561 208 4595 retu
222 4547 305 4600 locato.
318 4560 390 4610 atque
401 4549 485 4594 lterum
497 4545 661 4593 distantiarum
671 4545 802 4593 different·
833 4545 964 4607 perimenta
974 4543 1027 4590 vide
1037 4543 1062 4590 iu
1074 4543 1183 4591 Hermoni
1193 4540 1271 4604 optict
1281 4544 1349 4593 initio
1359 4546 1398 4594 lib.
1409 4553 1432 4595 8.
1442 4555 1466 4593 et

159 4613 221 4662 ott·
232 4613 314 4676 magni
325 4613 448 4665 diametro,
461 4627 503 4658 seu
519 4610 599 4671 duple
616 4609 733 4658 distantia
742 4608 799 4657 tulis
830 4618 913 4674 quest
928 4613 967 4658 29.

155 4677 244 4726 'ateste
257 4676 355 4741 aquatis
366 4688 408 4725 est.
447 4675 472 4725 st
491 4675 565 4740 igitur
582 4674 644 4724 lucia
662 4675 800 4740 propagatio
865 4672 904 4738 (⁸)
923 4679 935 4704 ⁸
955 4675 996 4724 Ft‘t
1016 4674 1087 4735 igitur
1105 4675 1213 4738 equulo
1231 4683 1252 4722 et
1272 4677 1368 4740 aperto.
1406 4674 1466 4741 ttu-

194 4761 256 4810 Vsu
279 4762 301 4810 1.
801 4757 854 4807 ΙΝ
