3202 5446
156 499 269 563 nm
285 499 431 566 secum.
479 497 722 567 eumcum
745 497 1117 566 MnrHuuramoa.
1183 448 1188 457 ’
1368 514 1428 574 sss

48 664 52 681 '
153 668 248 733 simul
262 682 461 746 moveantur3
477 681 570 756 atque
584 659 646 734 hoc
659 667 732 734 ideb
746 670 819 756 quia
833 669 941 734 similis
956 682 989 734 ct
1002 670 1131 757 aequalis
1146 684 1193 735 est
1204 671 1344 736 omnium
1354 694 1442 757 pres·

153 777 211 854 sio,
235 788 266 841 et
282 789 385 840 motus
400 778 501 841 omnis
516 777 660 851 exclusus
677 778 873 862 supponitur,
896 779 956 842 nisi
971 778 1024 864 qui
1040 780 1231 865 opressione
1244 778 1297 843 illi
1312 781 1440 845 oriatur.

154 886 253 973 Atqui
272 909 336 950 non
355 899 485 972 possunt
499 909 606 951 omnes
620 887 660 951 ad
675 900 816 952 centrum
838 888 968 974 propius
992 889 1149 968 accedere,
1173 891 1234 954 nisi
1248 890 1378 954 fluidum
1400 890 1440 954 ad

152 1007 294 1058 centrum
309 993 534 1071 oondeusetur3
556 1007 665 1058 contra
679 993 877 1080 hypothesin.
922 995 997 1060 Non
1010 1011 1142 1080 possunt
1150 997 1273 1086 longids
1289 998 1328 1061 ab
1344 1019 1383 1062 eo
1392 1019 1440 1060 re·

152 1103 273 1181 cedere,
289 1105 348 1168 nisi
363 1104 494 1168 fluidum
508 1104 548 1168 ad
564 1103 842 1168 circumferentiam
857 1104 1081 1182 condensetur3
1109 1107 1201 1170 etiam
1216 1119 1325 1171 contra
1338 1106 1441 1192 hypo-

152 1210 264 1276 thesin.
309 1212 384 1276 Non
405 1225 538 1296 possunt
558 1212 677 1277 servati
701 1211 757 1276 suri
778 1235 798 1276 a
820 1224 927 1275 centro
951 1211 1095 1276 distantia
1119 1214 1237 1278 moveri
1259 1215 1292 1276 in
1313 1213 1439 1301 plagam

152 1342 380 1407 quamcunque,
407 1322 480 1408 quia
502 1324 571 1408 pari
596 1325 715 1388 ratione
738 1324 946 1388 movebuntur
972 1325 1005 1388 in
1027 1325 1153 1414 plagam
1176 1327 1381 1402 contrariam3
1407 1327 1440 1389 in

152 1431 259 1518 plagas
274 1444 378 1495 autem
393 1434 563 1497 contrarias
578 1457 642 1498 non
657 1446 759 1519 potest
772 1454 845 1517 pars
861 1433 981 1510 eadem,
1005 1435 1116 1499 eodem
1137 1449 1288 1522 tempore,
1310 1435 1440 1500 moveri.

154 1537 242 1625 Ergo
255 1539 343 1602 fluidi
357 1561 429 1625 pars
444 1538 530 1603 nulla
544 1540 663 1604 deloco
678 1564 735 1605 suo
749 1540 933 1604 movebitur.
979 1541 1021 1617 Q.
1037 1566 1065 1606 e.
1081 1542 1111 1607 d.

198 1649 266 1711 cas.
283 1655 314 1712 2.
340 1646 424 1711 Dico
434 1649 511 1730 jam,
528 1647 613 1734 qubd
627 1648 717 1712 fluidi
731 1648 823 1732 hujus
843 1669 917 1730 par·

153 1768 199 1817 tes
223 1775 332 1817 omnes
356 1754 518 1837 sphaericae
543 1754 705 1841 aequaliter
733 1766 918 1839 premuntur

152 1859 302 1946 undique.
359 1860 408 1925 Sit
436 1861 520 1925 enim
550 1861 579 1925 E
606 1861 634 1925 F
662 1883 734 1947 pars
767 1859 921 1945 sphaerica

151 1965 250 2044 fluidi,
288 1981 321 2031 et
349 1968 376 2031 si
404 1968 475 2032 haec
504 1968 643 2056 undique
671 1992 736 2033 non
765 1970 919 2054 premitur

153 2077 323 2161 aequaliter,
354 2090 505 2164 augeatur
530 2079 651 2162 pressio
674 2079 786 2155 minor,
817 2101 917 2163 usque

153 2183 229 2247 dum
251 2186 320 2269 ipsa
340 2186 479 2272 undique
501 2199 662 2270 prematur
683 2186 862 2274 aequaliter3
889 2201 920 2251 et

152 2305 258 2376 partes
280 2294 355 2377 ejus,
380 2315 437 2376 per
455 2293 573 2358 Casum
586 2295 732 2378 primum,
757 2316 920 2378 permane·
1152 2375 1158 2389 ἱ
1262 2369 1268 2382 ι
1382 2366 1387 2379 ‚

153 2400 233 2466 bunt
247 2401 280 2463 in
295 2401 371 2464 locis
392 2402 464 2465 suis.
511 2402 574 2467 Sed
596 2416 668 2467 ante
690 2417 812 2466 auctam
831 2425 920 2486 pres·
967 2415 996 2472 Β
1106 2385 1158 2443 '⁸⁰³'

155 2510 273 2574 sionem
282 2512 508 2594 permanebant
516 2512 548 2574 in
559 2512 636 2575 locis
647 2513 720 2589 suis,
732 2535 788 2596 per
801 2512 916 2576 Casum
946 2510 948 2515 ’

155 2619 290 2682 eundem
318 2620 464 2704 primum,
501 2635 532 2684 et
561 2620 720 2684 additione
748 2621 917 2705 pressIonis

154 2747 246 2790 nouae
264 2727 473 2791 movebuntur
488 2726 527 2790 de
542 2726 617 2790 locis
633 2728 704 2804 suis,
721 2749 778 2811 per
793 2725 913 2790 Defini-

154 2835 271 2899 tionem
288 2833 402 2897 Fluidi.
448 2832 531 2909 Qua
546 2833 610 2896 duo
625 2844 810 2919 repugnant.
856 2833 944 2918 Ergo
958 2827 1037 2892 falso
1052 2827 1214 2892 dicebatur
1225 2830 1310 2916 qubd
1322 2833 1448 2919 sphera

79 2979 80 2982 ¹
156 2943 308 3009 EFnon
324 2944 462 3030 undique
476 2944 676 3028 premebatur
691 2943 861 3028 aequaliter.
908 2942 950 3019 Q.
963 2965 989 3005 e.
1006 2940 1036 3003 d.

201 3053 269 3115 Cas.
287 3061 316 3116 8.
361 3052 445 3117 Dico
459 3063 611 3135 praeterea
625 3049 710 3136 qubd
725 3050 916 3113 diversarum
932 3049 1068 3136 partium
1083 3047 1305 3131 sphaericarum
1318 3050 1448 3135 aequalis

156 3158 197 3223 sit
210 3159 339 3243 pressio.
385 3157 468 3222 Nam
483 3170 586 3242 partes
601 3157 762 3242 sphaericae
778 3159 932 3244 contiguae
949 3172 982 3219 sc
996 3169 1106 3219 mutuo
1120 3169 1268 3238 premunt
1285 3157 1449 3242 aequaliter

156 3269 316 3353 inpuncto
325 3281 495 3346 contactus,
503 3292 560 3354 per
569 3268 670 3332 motbs
678 3268 933 3356 Legemtertiam.
959 3265 1021 3332 Sed
1032 3265 1256 3349 et,perCasum
1265 3267 1447 3345 secundum,

158 3380 296 3466 undique
317 3393 505 3465 premuntur
529 3379 639 3443 aridem
660 3379 701 3443 vi.
748 3379 857 3443 Partes
873 3378 967 3464 igitur
982 3375 1054 3439 duae
1069 3374 1185 3461 quaevis
1201 3375 1364 3459 sphaericae
1384 3398 1449 3439 nou

158 3489 323 3576 contiguae,
342 3489 379 3574 (¹)
392 3489 465 3574 quia
478 3510 551 3572 pars
566 3485 719 3571 sphaerica
729 3485 913 3550 intermedia
927 3497 1055 3570 tangere
1069 3492 1173 3566 potest
1188 3495 1361 3569 utramque,
1377 3505 1450 3567 pre·

158 3608 285 3660 mentur
300 3594 409 3659 eidem
424 3596 465 3659 vi.
511 3594 553 3671 Q.
569 3617 596 3657 e.
613 3593 644 3657 d.

204 3706 273 3768 Cas.
289 3711 319 3766 4.
365 3703 449 3769 Dico
459 3704 525 3788 jam
541 3701 625 3787 qubd
639 3702 728 3765 fluidi
743 3712 848 3786 partes
863 3722 971 3763 omnes
987 3699 1102 3784 ubique
1116 3711 1302 3782 premuntur
1323 3697 1451 3783 aequali·

159 3830 216 3876 ter.
248 3812 332 3877 Nam
342 3826 445 3896 partes
461 3812 533 3876 duae
547 3812 664 3898 quaevis
679 3812 766 3899 tangi
780 3822 912 3895 possunt
926 3834 944 3874 a
956 3809 1098 3894 partibus
1112 3808 1272 3893 sphaericis
1284 3809 1314 3870 in
1328 3809 1451 3892 punctis

159 3921 405 4008 quibuscunque,
422 3935 454 3986 et
468 3923 510 3986 ibi
525 3934 629 4007 partes
644 3922 712 3985 illas
728 3920 896 4006 sphaericas
910 3919 1071 4007 aequaliter
1085 3932 1244 4003 premunt,
1261 3941 1318 4002 per
1334 3919 1451 3983 Casum

161 4028 287 4092 tertium
301 4043 332 4093 et
341 4030 475 4093 vicissim
486 4031 526 4094 ab
538 4030 598 4093 illis
613 4029 775 4116 aequaliter
782 4042 975 4114 premuntur,
992 4049 1049 4111 per
1064 4025 1168 4091 motirs
1185 4024 1303 4112 Legem
1319 4028 1452 4091 tertiam.

163 4135 323 4310 Qdostdb.
369 4243 451 4310 Cirm
475 4246 569 4332 igitur
589 4243 678 4306 fluidi
699 4264 772 4326 pars
787 4240 932 4327 quaelibet
948 4239 981 4303 G
998 4240 1034 4303 H
1051 4239 1066 4303 Ι
1084 4239 1116 4300 in
1130 4237 1229 4300 fluido
1244 4236 1364 4322 reliquo
1386 4250 1457 4301 tan·

164 4375 258 4438 quam
269 4352 302 4415 in
316 4375 388 4416 vase
404 4352 575 4428 claudatur,
592 4364 623 4414 et
637 4349 774 4435 undique
787 4361 947 4432 prematur
961 4345 1132 4431 aequaliter,
1149 4356 1255 4427 partes
1271 4357 1375 4408 autem
1390 4345 1456 4429 ejus

168 4484 202 4525 se
216 4461 326 4526 mutub
341 4461 500 4546 aequaliter
513 4471 658 4544 premant
680 4470 711 4522 et
732 4458 890 4544 quiescant
912 4457 993 4519 inter
1007 4477 1057 4530 se;
1080 4451 1276 4516 manifestum
1303 4465 1349 4518 est
1371 4451 1457 4539 qudd

1197 1697 1227 1753 A

200 4661 236 4728 (⁸)
250 4666 263 4692 ⁶
275 4662 755 4725 Quioporrrphoen'car'ntermediotougm
761 4675 801 4721 po·
833 4654 1456 4719 unaspaamphoericasinpuncttsconucrtsprema,

173 4738 216 4785 tert
226 4737 359 4792 utromque.
396 4727 523 4787 Nempm
537 4725 579 4773 ille
593 4723 730 4773 intermedia
744 4722 804 4772 dues
834 4720 1128 4788 atqueebillirpremetur
1138 4720 1264 4784 equaliter,
1277 4726 1316 4786 (ex
1327 4719 1403 4784 dein.)
