3202 5446
152 455 265 518 ulans
291 454 441 532 nolus]
494 434 736 516 rnlnclrm'
760 447 1130 520 Msnnnllsrlcs.
1410 462 1453 524 ss

153 629 230 704 nius,
247 628 414 691 inventum
428 624 644 710 prodiderunt
677 623 741 688 Sed
755 635 787 686 et
801 625 913 690 verius
922 627 1124 711 comprobata
1138 639 1185 692 est
1204 651 1224 692 a
1238 630 1386 694 Wrenno
1400 651 1454 695 ou-

153 739 225 800 rsm'
235 734 340 823 Regii
359 734 514 800 societate
529 755 586 816 per
601 731 849 815 experimentum
862 733 1085 816 pendulorum:
1121 735 1205 821 quod
1231 737 1324 800 etiam
1337 737 1453 802 Claris-

153 846 248 910 simus
266 842 439 908 Mariottus
454 840 535 903 libro
550 841 672 927 integro
687 858 844 921 exponere
859 861 935 903 mox
949 840 1094 929 dignatus
1110 855 1166 906 est
1194 840 1324 921 Venim,
1344 857 1380 908 ut
1392 843 1455 909 hoc.

152 952 407 1038 experimentum
423 971 494 1012 cum
509 947 638 1012 theoriis
653 943 694 1008 ed
708 946 855 1008 amussim
871 961 1032 1036 congruet,
1056 947 1201 1014 habende
1215 962 1263 1013 est
1276 950 1365 1030 ratio,
1382 948 1453 1015 clim

153 1059 340 1125 resistentiae
371 1057 450 1121 alitis
484 1068 552 1118 tum
575 1055 670 1118 etiem
696 1070 722 1137 Ε
763 1073 794 1139 G

152 1167 197 1229 ris
233 1164 371 1228 elasticae
416 1160 671 1225 concurrentium

153 1291 332 1354 corporum.
363 1266 526 1331 Pendeant
540 1286 673 1349 corpora

154 1375 308 1460 spherica
322 1373 364 1449 Α,
383 1372 411 1436 Β
437 1371 497 1435 fils
516 1371 672 1457 parallelis
697 1354 705 1408 ²

157 1489 186 1540 et
215 1474 389 1561 aequslibus
416 1474 448 1537 A
464 1473 502 1549 C,
532 1472 623 1549 BD,
652 1496 671 1535 a

157 1581 270 1645 centris
288 1579 326 1656 C,
343 1578 388 1643 D.
435 1576 498 1641 His
509 1577 624 1640 centris
640 1591 672 1639 et

157 1685 325 1749 intervallis
347 1682 565 1747 describuntur
580 1682 671 1746 semi-

161 1786 672 1881 circuliEAF,GBHrediis
1003 1822 1123 1856 χ

163 1911 190 1976 C
207 1912 249 1988 A,
266 1910 301 1975 D
317 1910 474 1974 Bbisecti.
499 1905 546 1993 (bl
560 1908 719 1973 Trahatur
733 1932 845 1996 corpus
861 1916 892 1979 A
907 1915 948 1979 ad
962 1939 1051 1981 arcus
1068 1920 1171 1984 ΕΑΓ
1185 1935 1335 2005 punctum
1351 1920 1451 2008 quod·

161 2020 206 2081 vis
223 2019 264 2096 lt,
280 2030 312 2081 et
326 2017 489 2104 (subducto
505 2038 636 2101 corpore
652 2017 694 2098 B)
717 2017 899 2084 demittatur
912 2023 996 2103 inde,
1012 2025 1182 2113 redeatque
1195 2041 1266 2112 post
1280 2050 1375 2091 unam
1401 2050 1450 2090 os-

164 2125 348 2189 cillationem
363 2124 403 2188 ud
418 2136 569 2209 punctum
585 2124 625 2187 V.
672 2125 729 2189 Est
745 2126 816 2191 RV
831 2130 1001 2195 retardatio
1015 2155 1055 2196 ex
1070 2133 1241 2198 resistentie
1255 2136 1343 2199 elisis.
1376 2135 1450 2199 Hu-

157 2236 207 2320 jus
224 2233 297 2299 RV
311 2232 368 2296 fiet
384 2235 407 2297 S
423 2232 454 2296 T
468 2253 541 2316 pers
556 2244 667 2316 quartu
681 2233 740 2296 sits
754 2234 786 2297 in
801 2235 920 2315 medio,
943 2240 1113 2304 itascilicet
1136 2253 1170 2305 ut
1187 2242 1218 2305 lt
1235 2243 1305 2306 Set
1320 2240 1393 2305 TV
1407 2263 1450 2304 ae-

158 2355 306 2429 quentur3
330 2341 433 2426 sitque
450 2340 481 2403 lt
495 2340 518 2403 S
533 2337 573 2401 ud
591 2338 657 2403 ST
671 2352 707 2402 ut
722 2351 742 2405 9
768 2341 809 2405 ud
825 2351 854 2406 2.
892 2345 935 2409 Et
945 2346 1003 2410 ista
1020 2346 1085 2412 ST
1099 2347 1258 2411 exhibebit
1268 2347 1450 2412 retardatio-

157 2472 224 2513 nem
239 2450 274 2511 in
289 2447 445 2512 descensu
471 2445 510 2509 ab
527 2446 550 2510 S
568 2445 613 2517 ,ad
628 2446 660 2509 A
675 2469 769 2532 quam
784 2450 936 2533 proxime.
972 2454 1165 2518 Restituatur
1175 2477 1287 2539 corpus
1304 2455 1333 2519 B
1358 2455 1391 2518 in
1405 2454 1452 2518 lo-

157 2580 222 2621 cum
237 2577 343 2620 suum.
390 2553 494 2618 Cedat
507 2574 621 2637 corpus
638 2554 668 2616 A
683 2553 723 2617 de
737 2569 855 2639 puncto
873 2561 905 2638 S,
923 2572 954 2624 et
967 2561 1112 2625 velocitas
1128 2564 1193 2648 ejus
1207 2563 1240 2626 in
1251 2563 1321 2625 loco
1331 2563 1453 2625 reflexi-

157 2666 218 2730 onis
234 2666 267 2729 A
282 2665 350 2727 sine
366 2684 474 2726 errore
489 2660 626 2724 sensibili
641 2673 727 2725 tanta
742 2664 814 2743 erit,
841 2689 877 2730 ec
892 2667 917 2730 si
932 2669 964 2732 in
980 2692 1078 2733 vacuo
1093 2669 1252 2734 cecidisset
1271 2668 1396 2733 deloco
1411 2668 1451 2734 T.

827 2834 910 2883 redirit
920 2835 951 2882 ad
961 2846 1077 2898 punctum
1090 2837 1118 2892 C,
1130 2845 1199 2898 etque
1210 2835 1243 2883 iu
1251 2835 1375 2883 continues
1384 2836 1453 2883 oscil-

826 2898 1448 2964 lstionesituetredituincurviCBD,perilciet(86).

860 2970 898 3013 99.
914 2969 994 3013 cmc.
1006 2972 1029 3013 3.
1048 2967 1073 3013 si
1084 2965 1150 3012 nulls
1160 2965 1221 3012 soret
1231 2963 1303 3011 medii
1314 2963 1451 3022 resistentis,

826 3028 938 3091 nudeque
954 3028 1015 3076 circli
1025 3030 1123 3077 laminas
1139 3030 1270 3076 incurvatas
1284 3038 1327 3076 aut
1345 3040 1453 3075 centrum

825 3093 945 3140 rotationis
966 3094 1050 3148 frictio,
1071 3093 1171 3157 aequsles
1192 3103 1216 3140 et
1236 3103 1354 3154 perpetue
1376 3093 1453 3140 forent

824 3157 982 3217 pendulorum
999 3158 1166 3216 oscillationem
1181 3157 1263 3206 verbm
1278 3160 1320 3204 hm
1331 3159 1361 3204 ob
1372 3172 1453 3204 causes

824 3222 923 3285 singulis
933 3223 1107 3278 vibrationibus,
1120 3222 1175 3270 licet
1185 3221 1355 3275 insensibiliter,
1373 3222 1452 3268 minu-

824 3288 871 3334 itur
881 3287 978 3347 penduli
990 3287 1104 3342 relocitas,
1116 3303 1228 3350 arcusque
1239 3283 1352 3334 continud
1362 3285 1451 3333 brevio·

824 3368 861 3399 res
870 3352 986 3407 describit,
996 3367 1024 3399 ec
1034 3351 1129 3398 tandem
1145 3351 1242 3399 omnind
1269 3350 1357 3398 uiescit.

857 3423 894 3465 93.
907 3420 986 3466 Corull.
1000 3422 1023 3463 4.
1042 3416 1184 3464 velocitates
1201 3416 1240 3478 eju
1268 3430 1306 3462 em
1317 3412 1413 3474 peudldi
1425 3413 1449 3459 in

824 3481 905 3528 circuli
915 3481 1069 3542 peripherism
1088 3479 1238 3534 excurrentis,
1256 3489 1311 3526 suut
1328 3478 1353 3525 in
1364 3488 1452 3537 puncto

822 3546 906 3592 infimo
915 3556 943 3592 ut
952 3561 1051 3592 arcuum
1061 3545 1229 3605 descriptorum
1240 3542 1332 3591 chordle
1356 3541 1406 3602 88).

856 3611 890 3673 (b)
908 3618 946 3659 94.
961 3611 1078 3658 Trahetur
1089 3624 1174 3670 corpus
1186 3609 1217 3662 A,
1229 3609 1260 3655 sd
1270 3606 1337 3654 urcds
1386 3605 1408 3651 A
1423 3604 1444 3652 F

824 3685 939 3735 punctum
950 3674 1048 3736 quodvis
1062 3675 1091 3729 R,
1109 3683 1133 3720 et
1143 3673 1279 3720 demittatur
1286 3670 1347 3725 inde,
1360 3668 1451 3716 sublsti

824 3739 896 3785 medii
907 3738 1035 3786 resistendi
1047 3737 1077 3786 sd
1087 3739 1187 3785 eandem
1197 3735 1345 3784 altitudinem
1357 3733 1396 3790 M,
1415 3750 1451 3780 ss-

824 3801 922 3850 cendere
941 3813 964 3849 et
983 3801 1062 3849 mrslls
1076 3802 1106 3849 sd
1122 3812 1237 3863 punctum
1252 3801 1282 3853 lt
1299 3797 1373 3844 redire
1384 3796 1453 3845 debet

167 3899 266 3962 dm
287 3899 318 3952 Β,
336 3898 409 3945 mm
429 3904 453 3943 et
471 3896 558 3957 ,mque
577 3893 618 3940 510
640 3906 681 3952 W
698 3899 793 3935 mmm
826 3867 888 3929 (92).
909 3868 971 3914 Cum
990 3876 1069 3913 sutem
1088 3877 1140 3927 post
1156 3881 1229 3912 unam
1245 3862 1411 3911 oscillationem
1423 3877 1452 3908 ex

166 3975 285 4075 ese
302 3974 326 4010 ²²
345 3961 448 4023 vce
464 3958 595 4021 elem
609 3957 629 4005 ⁰
643 3956 664 4002 1³
679 3954 711 4007 θ’
825 3925 1454 4057 sensissent

190 4098 227 4141 sl.
241 4095 321 4141 Coreli.
335 4097 358 4138 9.
374 4090 522 4149 Quapropter
529 4086 609 4134 omnis
616 4100 670 4148 que
680 4081 710 4128 de
720 4087 786 4126 motu
812 4103 840 4168 Ε

165 4145 783 4216 μηίυωίηωηίωυρετίὶοἱὼυεάεωοηεωωΐιιεῐε,

165 4223 233 4268 mn
256 4219 354 4282 penduli
381 4234 423 4279 per
438 4216 530 4264 eusdem
553 4230 634 4262 currus
660 4207 786 4258 oscillentis

165 4286 309 4333 muniunt.
341 4284 434 4342 Nempe
448 4289 480 4329 1⁰.
497 4279 597 4328 Penduli
606 4276 715 4325 velocitas
725 4274 817 4348 sem-R

166 4362 201 4407 per
210 4350 308 4414 :qualis
318 4360 353 4396 est
364 4346 556 4407 velocitatiqusm
567 4342 695 4406 scquireret
703 4336 785 4385 ceden-

165 4412 242 4475 doper
260 4414 409 4462 ebitudinem
425 4409 639 4473 perpendicularem
656 4403 719 4452 arcui
736 4416 787 4461 per-
807 4397 826 4465 S

167 4492 228 4526 ωηο
249 4477 468 4539 οατεφοοᾶεηιεω
492 4474 554 4538 (85).
590 4479 625 4519 90.
652 4466 788 4517 Pendulum

167 4556 190 4588 α
202 4545 222 4593 C
233 4544 369 4594 nemim
387 4542 410 4588 ri
427 4539 546 4604 gmvitstis
564 4545 663 4598 urgente
673 4532 703 4579 sd
714 4545 789 4592 punc·
824 4522 852 4582 T

166 4616 213 4654 tum
232 4609 342 4655 intimum
364 4607 395 4661 B,
412 4602 545 4657 descendet,
557 4611 619 4647 etex
632 4599 720 4658 impetu
731 4609 788 4641 con-

167 4683 233 4732 oepto.
251 4689 293 4735 per
311 4687 392 4719 etcum
416 4671 438 4718 B
460 4670 492 4721 D,
511 4664 619 4712 ascendet
639 4662 669 4709 sd
691 4659 789 4707 eundem

166 4734 309 4785 ddnldinem
330 4737 363 4793 D,
380 4736 460 4797 ibique
478 4731 544 4779 omni
564 4727 683 4774 velocitate
698 4722 788 4776 united,

168 4799 187 4843 'i
205 4801 323 4864 ‘mimis
344 4799 479 4861 impellente
496 4795 526 4843 ed
548 4802 663 4854 punctum
682 4788 790 4835 infimum

171 4863 195 4914 Β.
207 4866 329 4923 relnbetlls,
336 4864 490 4925 amissanmue
499 4872 637 4919 recuperans
646 4853 790 4902 velocitatem
