3202 5446
134 416 251 489 mun
267 370 431 499 rusie]
489 414 732 484 vernoun
754 410 1123 481 usrnunarrcs
1356 420 1420 479 ns

182 587 281 654 Corol.
305 596 336 652 s.
360 584 505 670 Corpora
518 583 582 648 duo
597 585 714 671 quaevis
729 584 845 648 circum
859 583 1016 672 gravitatis
1031 593 1174 647 centrum
1187 602 1352 646 commuue
1365 602 1422 668 gy-

133 694 249 772 tentis,
265 692 361 758 radiis
376 691 463 758 etad
478 704 619 756 centrum
633 691 712 755 illud
734 705 766 756 et
791 690 832 756 ad
857 713 891 755 se
916 690 1027 754 mutuo
1050 689 1162 768 ductis,
1186 689 1223 775 (²)
1246 688 1424 754 describunt

135 826 228 870 ereas
241 802 436 889 temporibus
451 800 712 887 proportionales.

353 1063 636 1131 PROPOSITIO
659 1062 753 1128 LIX.
797 1059 1066 1128 THEOREMA
1088 1059 1208 1127 XXII.

135 1223 301 1304 Corporum
315 1221 435 1282 dnomm
452 1219 518 1283 Set
534 1219 571 1295 P,
587 1218 667 1281 circa
678 1238 821 1280 commune
840 1217 1002 1301 gravitatis
1022 1226 1149 1281 centnem
1166 1218 1194 1283 C
1208 1221 1422 1298 revolventium,

177 1340 290 1412 tempus
297 1330 480 1412 periodicnm
494 1350 554 1392 esse
567 1330 610 1391 art
622 1336 733 1409 tempus
740 1327 923 1409 periodimm
938 1328 1068 1409 corporis
1089 1328 1261 1391 alterutrim
1284 1327 1321 1406 P,
1343 1329 1424 1395 circa

177 1437 305 1499 altemn
320 1436 464 1498 immotum
481 1434 664 1518 Sgyrantis,
680 1441 708 1496 et
717 1433 841 1516 figuris,
864 1453 930 1516 quer
942 1453 1065 1515 corpora
1080 1434 1185 1496 circum
1199 1455 1229 1496 se
1243 1443 1340 1498 mntno
1360 1437 1424 1500 des·

177 1542 304 1618 eribant,
314 1542 450 1624 figreram
463 1542 585 1604 similem
600 1549 629 1603 et
650 1540 791 1622 aequalem
811 1539 1008 1614 describentis,
1030 1541 1063 1602 in
1084 1539 1290 1622 udduplicatd
1307 1544 1422 1608 ratione

177 1649 310 1732 corporis
323 1648 446 1712 alterius
461 1649 497 1726 S,
512 1649 555 1711 ad
567 1668 702 1711 namnam
717 1667 867 1730 corpomm
885 1648 909 1711 S
928 1658 961 1722 -Ι-
982 1648 1019 1712 Ρ.

183 1819 339 1908 Namque,
355 1843 395 1885 ex
410 1819 672 1885 demonstratione
687 1817 854 1903 superioris
878 1817 1109 1903 propositionis,
1135 1831 1285 1904 tempore,
1311 1822 1423 1907 quibus

132 1951 226 1996 arcus
242 1929 340 2014 quivis
360 1928 473 1992 similes
489 1927 517 1992 P
532 1927 565 2005 Q
580 1938 646 2012 etp
662 1949 682 2012 q
697 1926 924 2004 describuntur,
940 1927 1059 1991 suntin
1074 1925 1288 2012 subduplicati
1304 1929 1423 1994 ratione

132 2038 355 2103 distantiarum
372 2037 399 2103 C
416 2037 444 2102 P
458 2050 490 2102 et
506 2038 528 2102 S
544 2037 572 2102 P
586 2037 635 2101 vel
650 2059 665 2101 s
679 2058 712 2121 p,
728 2035 789 2099 hoc
803 2048 858 2114 est,
874 2036 907 2098 in
923 2035 1136 2121 subduplicatir
1151 2038 1271 2101 ratione
1286 2039 1424 2122 corporis

133 2145 214 2211 Sud
230 2167 383 2208 summam
398 2166 567 2229 corporum
592 2146 615 2210 S
635 2154 667 2218 «1-
688 2143 726 2208 P.
772 2142 814 2207 Et
839 2144 1065 2227 componendo,
1092 2166 1222 2207 summoe
1248 2156 1423 2229 temporum

130 2252 247 2338 quibus
269 2273 359 2315 arcus
386 2273 494 2315 omnes
518 2250 632 2314 similes
648 2249 676 2314 P
691 2249 724 2325 Q
739 2261 770 2314 et
783 2271 841 2336 pq
866 2249 1092 2329 describuntur,
1116 2249 1177 2314 hoc
1201 2263 1256 2328 est,
1283 2262 1424 2335 tempora
1511 2248 1513 2252 ’

136 2371 213 2436 tots,
228 2357 343 2445 quibus
357 2356 468 2445 figurae
483 2369 557 2422 totae
572 2356 687 2422 similes
701 2355 927 2435 describuntur,
951 2357 1070 2421 suntin
1085 2356 1194 2421 eisdem
1208 2357 1423 2442 subduplicetir

134 2465 266 2530 ratione.
312 2464 354 2540 Q.
370 2487 396 2528 e
412 2464 444 2528 d.

348 2702 631 2771 PROPOSITIO
654 2703 730 2770 LX.
776 2700 1046 2770 THEOREMA
1071 2702 1207 2769 XXIII.

86 2866 169 2931 se·
180 2888 308 2951 corpora
322 2869 419 2934 dnos
433 2878 462 2932 rt
477 2868 515 2946 P,
530 2869 641 2933 uiribus
655 2869 803 2952 qreaelrato
814 2869 966 2931 distantia
979 2888 1040 2930 mee
1052 2843 1201 2950 reciproci
1208 2873 1422 2954 proportiona-

174 2977 294 3055 libus,se
305 2972 401 3040 mutui
411 2978 572 3054 trahentia,
584 2979 772 3041 revolvuntur
781 2977 861 3039 circa
869 2976 1031 3058 gravitatis
1041 2984 1171 3039 centrum
1181 2999 1341 3043 commune.-
1356 2982 1422 3043 dico

176 3088 252 3168 quad
265 3086 407 3167 eltrpseos,
423 3106 509 3168 qaum
524 3106 627 3167 corpus
641 3085 814 3146 alterutrum
831 3082 858 3146 P
871 3084 924 3144 loc
937 3092 1014 3145 motu
1028 3084 1108 3145 circa
1122 3084 1246 3147 alterum
1270 3087 1294 3150 S
1313 3089 1422 3151 descri-

177 3192 226 3270 bit,
242 3194 311 3256 aeis
320 3194 505 3275 principalis
518 3194 575 3255 erit
590 3194 633 3255 orl
645 3214 730 3254 arem
739 3192 938 3273 principalem
953 3192 1095 3272 ellipscos,
1119 3213 1205 3275 qrmm
1228 3187 1331 3278 corpas
1345 3198 1420 3260 idem

179 3300 297 3366 Pcirca
312 3305 436 3365 atterum
460 3304 606 3386 quiescens
621 3302 644 3366 S
658 3304 755 3364 eodem
768 3311 895 3385 tempore
909 3302 1064 3382 periodica
1086 3303 1247 3367 describere
1263 3320 1371 3387 posset,
1388 3316 1421 3370 ut

178 3429 281 3472 norma
296 3431 447 3492 corpomm
461 3413 582 3473 dueum
594 3410 617 3474 S
631 3420 664 3486 ÷
679 3410 706 3473 P
720 3412 763 3472 ad
770 3410 898 3490 primum
914 3411 1033 3471 duorum
1049 3406 1142 3474 medie*
1150 3417 1419 3494 proportionalium

178 3515 253 3579 inter
265 3518 344 3578 trane
356 3537 495 3580 summam
509 3526 538 3580 et
552 3538 655 3599 corpus
670 3518 746 3579 illud
760 3518 883 3579 alterum
901 3517 933 3581 S.

181 3686 211 3773 (¹)
234 3688 318 3753 Nam
334 3690 360 3752 si
374 3690 538 3775 descriptor
553 3690 676 3775 ellipses
692 3702 793 3755 essent
807 3690 866 3755 sibi
880 3691 1012 3755 invicem
1032 3693 1177 3780 aequales,
1200 3709 1341 3780 tempora
1362 3717 1419 3780 pe·

160 3884 203 3949 (³)
218 3888 231 3916 ⁶
247 3890 387 3937 Describunt
403 3906 469 3939 arear
485 3893 619 3954 temporibus
633 3894 760 3953 pruurno-
791 3890 854 3938 niem
866 3907 926 3938 erem
937 3907 995 3954 ques
1014 3907 1109 3953 corpore
1129 3895 1152 3948 S,
1167 3893 1188 3942 P
1204 3894 1292 3941 circum
1311 3902 1418 3942 centrum

73 3949 205 3996 Mirr.
238 3951 301 4000 Nam
313 3955 512 4016 temporaqurbus
522 3954 685 4003 deseribuntur
701 3971 761 4004 erese
791 3956 910 4019 gravitatis
920 3955 1054 4004 describunt
1064 3958 1151 4006 similes
1161 3969 1216 4006 sunt
1226 3958 1285 4005 ereis
1303 3974 1360 4019 quas
1378 3959 1419 4005 iis-

78 4011 220 4061 ‘luam
229 4015 315 4064 similes
330 4032 402 4080 qu,
420 4019 440 4066 C
454 4019 475 4067 P
490 4020 521 4076 Q,
533 4029 556 4066 et
573 4036 611 4080 sp
626 4039 648 4077 v,
662 4021 680 4067 C
694 4020 716 4067 P
728 4020 759 4077 V,
791 4021 847 4067 dem
864 4021 1006 4080 temporibus
1027 4020 1158 4070 describunt
1177 4022 1264 4069 circum
1282 4038 1307 4069 se
1325 4021 1417 4081 mutuis,

84 4073 287 4141 '⁸¹¹²th
297 4081 322 4127 iu
333 4081 388 4128 datii
399 4083 494 4140 ratione,
507 4083 626 4140 nimirum,
638 4084 760 4145 subdupli·
791 4094 861 4131 erunt
871 4100 965 4147 quoque
975 4100 1034 4132 erere
1045 4085 1095 4133 isne
1111 4086 1292 4147 proportionales
1307 4089 1417 4148 tempori-

91 4136 187 4188 ΝΕ
197 4143 355 4193 &summm
365 4146 477 4193 similium
488 4163 500 4193 s
510 4163 533 4208 p,
549 4149 568 4196 C
583 4147 604 4195 P
620 4151 659 4210 (ex
674 4148 759 4210 Denu)
791 4150 835 4196 bus
845 4151 929 4210 quibus
940 4148 1107 4197 describuntur.

97 4201 139 4238 ’ἶ
161 4207 264 4264 ptume
273 4219 366 4271 tempus
376 4226 423 4272 quo
433 4211 571 4259 describitur
583 4227 637 4259 urea
647 4227 658 4257 s
668 4227 684 4271 p
694 4222 761 4274 q,est
837 4212 869 4277 (ί)
899 4216 965 4262 Num
984 4216 1004 4261 si
1024 4217 1140 4276 ἄσκημα
1158 4217 1249 4276 ellipses,
1273 4215 1315 4262 dc.
1356 4215 1417 4262 Axis

104 4259 159 4309 *ἢ
175 4280 266 4332 tempus
275 4289 322 4350 quo
333 4274 471 4322 describiutr
481 4290 534 4322 eres
544 4292 555 4322 s
566 4293 610 4338 pv,
630 4286 658 4324 ut
668 4286 761 4336 tempus
791 4278 926 4337 principalis
936 4277 1053 4338 ellipsium
1070 4278 1203 4340 equalium,
1215 4294 1272 4340 qum
1282 4294 1378 4340 corpora
1391 4281 1415 4337 S,

111 4331 184 4381 ‘1⁸¹0
193 4334 327 4385 decim
336 4354 390 4386 men
402 4340 423 4387 C
435 4339 456 4387 P
466 4341 498 4396 Q,
508 4339 539 4387 nd
550 4350 642 4402 tempus
652 4356 699 4402 quo
709 4339 760 4388 des-
794 4340 816 4388 P
826 4341 914 4388 cineum
925 4357 950 4388 se
960 4342 1044 4388 mutui
1055 4341 1187 4390 describunt
1199 4349 1236 4401 (ut
1246 4342 1277 4390 sd
1289 4343 1404 4406 Prop.,57

118 4391 230 4446 *Mur
239 4415 290 4449 tren
302 4403 323 4450 C
335 4402 358 4450 P
372 4403 408 4461 V;
425 4403 466 4450 sed
478 4408 530 4467 (per
542 4405 610 4465 Prop.
622 4405 657 4465 1.)
668 4415 758 4465 tempo·
789 4405 949 4467 exposuimus)
967 4406 1062 4467 equalis
1077 4417 1111 4452 est
1121 4407 1159 4453 uxi
1170 4407 1290 4468 principali
1301 4409 1415 4470 ellipseos,

124 4460 160 4498 ’ἱ
179 4464 262 4525 quibus
278 4466 440 4515 deseribuntur
456 4483 516 4515 arere
534 4484 603 4531 qu,
620 4480 690 4530 spv.
704 4479 759 4516 sunt
790 4468 1415 4534 pqv,quamcorpuspveil².eirctcorpumns,

132 4524 195 4572 ‘'m's
210 4527 255 4575 illis
271 4529 376 4593 adeoque
393 4541 417 4578 et
433 4532 492 4579 ereis
510 4533 624 4579 similibus
643 4533 662 4580 C
686 4532 707 4580 P
727 4535 759 4589 Q,
791 4534 869 4581 reveni
890 4534 1014 4581 immotum
1035 4534 1143 4599 describit
1167 4538 1206 4599 (ut
1223 4535 1249 4583 iu
1268 4534 1338 4598 Prop.
1360 4535 1414 4596 58.)

141 4579 163 4626 (ἶ
175 4587 194 4636 P
205 4591 227 4637 V
237 4594 423 4655 proportionslis,
434 4595 491 4657 ergo
500 4613 559 4644 arem
572 4598 591 4644 C
603 4597 624 4643 P
635 4597 665 4654 Q,
676 4598 697 4645 C
708 4597 760 4645 PV
793 4597 843 4645 Hic
853 4598 903 4644 uis
912 4596 1042 4655 dicntmd,
1051 4610 1143 4660 tempus
1152 4600 1295 4660 periodieum
1310 4601 1373 4663 quod
1382 4599 1415 4647 iu

144 4655 192 4701 mut
205 4666 232 4704 ut
246 4667 349 4720 ternpore
364 4660 449 4723 quibus
464 4661 641 4721 deseribuntur,
663 4671 687 4708 et
702 4677 760 4725 quo-
792 4661 910 4724 ellipsibus
926 4673 1026 4727 qustum
1043 4677 1101 4727 ques
1116 4679 1212 4727 corpora
1224 4666 1247 4722 S,
1261 4666 1282 4714 P
1294 4663 1415 4714 circumc
