3202 5446
152 475 443 553 transscensa]
476 473 720 540 eumcum
746 471 1120 539 Marunmx'rrcr.
1226 430 1227 433 Ὺ
1377 481 1433 544 aa

152 646 250 735 frigus
266 648 436 712 reducitur.
483 651 661 735 Antequam
677 645 836 723 caderent,
853 645 1120 733 immergebantur
1130 647 1255 731 penitus
1272 648 1433 735 inaquam

151 777 192 820 ne
213 755 354 840 pondere
375 756 474 841 partis
496 755 626 839 alicujus
649 776 690 818 ex
711 752 792 839 aqud
814 754 949 817 exuatis
971 753 1140 817 descensus
1162 776 1272 818 eorum
1288 756 1346 820 sub
1361 757 1450 820 initio

151 865 386 929 acceleraretur.
433 865 476 928 Et
490 864 545 928 ubi
559 863 684 949 penitds
699 863 837 928 immersi
852 863 1062 950 quiescebant,
1087 865 1333 930 demittebantur
1345 890 1450 953 quam

152 973 339 1052 cautissime,
355 997 396 1039 ne
411 975 580 1059 impulsum
596 975 732 1061 aliquem
746 999 765 1039 a
780 998 874 1038 manu
889 975 1073 1040 demittente
1088 977 1273 1061 acciperent.
1320 977 1450 1041 Cecide-

151 1095 226 1146 runt
247 1096 353 1146 autem
376 1081 549 1146 successive
571 1083 766 1167 temporibus
788 1081 1016 1147 oscillationum
1040 1088 1114 1166 471,
1131 1088 1205 1165 481,
1223 1095 1265 1149 50
1280 1099 1311 1147 et
1327 1092 1378 1161 51,
1395 1084 1451 1148 de·

152 1190 324 1255 scribentes
350 1189 558 1253 altitudinem.
576 1189 693 1273 pedum
723 1189 902 1275 quindecim
932 1203 964 1253 et
992 1189 1164 1277 digitorum
1194 1191 1339 1255 duorum.
1386 1192 1451 1257 Sed

152 1310 320 1385 tempestas
338 1301 405 1383 jam
419 1297 516 1382 paulb
531 1298 674 1386 frigidior
688 1314 756 1363 erat
770 1298 864 1384 qudm
880 1321 951 1363 cum
967 1300 1054 1388 globi
1075 1301 1340 1385 ponderabuntur,
1364 1302 1451 1366 ideb-

152 1433 214 1496 que
229 1409 337 1472 iteravi
352 1409 603 1492 experimentum
617 1410 679 1473 alio
693 1409 755 1486 die,
772 1422 804 1473 et
818 1409 904 1497 globi
921 1410 1103 1476 ceciderunt
1117 1414 1310 1498 temporibus
1327 1412 1450 1476 oscilla-

151 1520 273 1584 tionum
289 1528 342 1595 49,
359 1525 432 1602 491,
449 1527 491 1583 50
506 1531 539 1583 et
553 1529 605 1597 53,
622 1543 658 1584 ac
674 1519 766 1583 tertio
787 1519 980 1604 temporibus
1000 1522 1228 1587 oscillationum
1239 1529 1320 1606 491,
1339 1533 1390 1601 50,
1408 1532 1446 1588 51

153 1640 185 1691 et
198 1636 251 1691 53.
297 1626 525 1708 Experimento
551 1627 666 1710 saepius
689 1638 791 1710 capto,
819 1627 907 1715 globi
937 1629 1118 1693 ceciderunt
1141 1630 1278 1695 maximia
1300 1654 1340 1696 ex
1362 1647 1452 1715 parte

153 1735 344 1824 temporibus
359 1733 588 1798 oscillationum
604 1740 666 1817 491
683 1750 715 1799 et
730 1745 782 1800 50.
831 1736 895 1802 Ubi
912 1738 1031 1803 tardius
1047 1740 1198 1818 cecidere,
1208 1765 1211 1772 ·
1223 1743 1366 1827 suspicor
1381 1764 1451 1804 eos-

154 1842 227 1906 dem
243 1840 418 1906 retardatos
434 1840 529 1906 luisse
543 1842 746 1929 impingendo
763 1865 794 1905 m
809 1843 908 1907 latera
923 1845 1012 1912 vasis

197 1953 270 2017 Jam
284 1965 468 2036 computum
481 1974 539 2036 per
554 1953 706 2016 theoriam
723 1955 871 2031 ineundo,
888 1955 1046 2039 prodeunt
1060 1956 1186 2040 pondus
1200 1958 1288 2044 globi
1304 1960 1335 2021 in
1351 1981 1451 2023 vacuo

158 2060 241 2141 139}
261 2081 445 2145 graporum.
491 2059 648 2123 Excessus
671 2060 763 2148 hujus
786 2060 934 2145 ponderis
957 2084 1052 2145 supra
1073 2062 1200 2146 pondus
1221 2064 1309 2152 globi
1325 2067 1356 2128 in
1371 2066 1452 2152 aqud

159 2170 367 2254 1331181511.
414 2167 577 2231 Diameter
591 2168 677 2254 globi
692 2180 723 2246 0,
737 2179 843 2235 99868
859 2170 923 2258 dig.
970 2170 1053 2236 Octo
1070 2173 1171 2236 tertiae
1184 2190 1290 2257 partes
1310 2174 1453 2240 diametri

156 2282 304 2352 t,66315
321 2274 385 2361 dig·
431 2285 575 2368 Spatium
590 2288 610 2343 3
627 2281 654 2344 F
677 2289 795 2358 3,8066
811 2278 875 2368 dig.
923 2278 1066 2361 Spatium
1081 2278 1166 2364 quod
1182 2281 1294 2366 globus
1310 2282 1451 2367 pondere

157 2397 196 2474 71
222 2411 404 2478 granorum,
429 2404 570 2474 tempore
593 2390 705 2454 minuti
731 2393 824 2456 unius
850 2393 991 2468 secundi,
1018 2393 1085 2457 sine
1110 2391 1284 2456 resistentib
1309 2389 1453 2453 cadendo

157 2496 306 2561 describit
322 2507 352 2574 9,
364 2505 470 2563 88164
486 2497 550 2583 dig.
598 2498 641 2562 Et
654 2511 777 2584 tempus
795 2500 828 2564 G
842 2501 893 2578 0¹¹,
906 2510 1044 2569 376843.
1090 2500 1216 2566 Globus
1239 2499 1343 2586 igitur,
1368 2497 1452 2560 velo·

156 2605 248 2668 citate
262 2603 397 2670 maximi
413 2603 548 2689 quicum
561 2618 665 2688 potest
681 2607 711 2667 in
724 2606 804 2691 aqud
816 2607 846 2669 vi
858 2609 1006 2692 ponderis
1018 2611 1055 2689 71
1067 2629 1238 2697 granorum
1251 2605 1452 2684 descendere,

166 2739 307 2809 tempore
330 2730 380 2803 0“,
392 2735 520 2794 376843
542 2726 689 2791 describit
711 2729 845 2812 spatium
870 2737 900 2806 3,
912 2737 995 2793 8066
1017 2729 1199 2815 digitorum,
1224 2743 1255 2791 et
1270 2742 1410 2810 tempore
1429 2727 1465 2789 l''

166 2833 301 2916 spatium
317 2840 346 2908 7,
359 2839 465 2899 44766
482 2832 662 2918 digitorum,
679 2846 711 2896 et
724 2847 866 2918 tempore
877 2836 939 2899 35”
954 2857 1010 2898 seu
1025 2834 1257 2897 oscillationum
1273 2842 1315 2897 50
1327 2833 1463 2916 spatium

170 2948 338 3017 186,1915
354 2939 419 3027 dig.
465 2939 666 3004 Subducatur
694 2941 829 3024 spatium
855 2949 883 3017 1,
898 2949 1026 3006 386394
1051 2940 1087 3016 F,
1113 2962 1168 3003 seu
1193 2949 1221 3017 1,
1234 2949 1319 3005 9454
1345 2938 1410 3026 dig.
1434 2954 1466 3003 et

167 3051 307 3114 manebit
328 3053 462 3136 spatium
489 3059 559 3127 184,
571 3058 652 3115 3461
678 3049 744 3136 dig.
760 3048 846 3136 quod
859 3048 974 3137 globus
989 3048 1101 3112 eodem
1116 3062 1258 3134 tempore
1274 3049 1306 3112 in
1322 3070 1395 3112 vase
1418 3048 1465 3112 la-

167 3157 288 3221 tissimo
302 3156 466 3222 describet.
515 3155 568 3219 Ob
591 3154 765 3242 angustiam
788 3155 869 3218 vasis
891 3155 1001 3231 nostri,
1025 3155 1185 3219 minuatur
1198 3154 1260 3218 hoc
1276 3155 1410 3240 spatium
1433 3155 1466 3217 in

168 3269 288 3334 ratione
310 3293 382 3356 quae
402 3268 603 3352 componitur
625 3289 665 3330 ex
687 3265 905 3350 subduplicatri
927 3264 1049 3329 ratione
1070 3265 1182 3328 orificii
1205 3265 1285 3329 vasis
1301 3265 1340 3328 ad
1357 3286 1466 3328 exces-

169 3398 238 3440 sum
253 3378 345 3463 hujus
368 3376 479 3440 orificii
502 3398 597 3460 supra
619 3374 864 3438 semi-circulum
887 3374 1060 3438 maximum
1082 3374 1179 3461 globi,
1207 3388 1239 3438 et
1260 3374 1392 3458 simplici
1416 3395 1466 3436 ra-

169 3484 254 3548 tione
268 3484 407 3569 ejusdem
419 3483 530 3548 orificii
545 3481 586 3545 ad
601 3503 764 3545 excessum
786 3483 853 3567 ejus
876 3503 972 3566 supra
994 3481 1145 3546 circulum
1166 3483 1340 3546 maximum
1360 3480 1466 3566 globi3

169 3606 201 3657 et
215 3591 381 3655 habebitur
396 3592 529 3674 spatium
548 3598 619 3665 181,
633 3589 872 3677 86-digitorum,
889 3588 975 3675 quod
985 3587 1098 3676 globus
1113 3589 1144 3650 in
1161 3588 1222 3652 hoc
1237 3610 1309 3652 vase
1325 3600 1467 3671 tempore

169 3699 397 3764 oscillationum
414 3709 455 3765 50
471 3697 647 3762 describere
662 3696 771 3760 debuit
784 3718 843 3781 per
857 3694 1011 3760 theoriam
1027 3693 1276 3781 quamproxime.
1317 3693 1466 3778 Descrip·
1560 3752 1562 3754 ,

170 3809 211 3871 sit
224 3806 300 3870 verb
314 3806 449 3889 spatium
468 3812 528 3869 183
544 3803 717 3890 digitorum
729 3817 872 3887 tempore
892 3802 1122 3866 oscillationum
1137 3806 1199 3884 491
1216 3801 1266 3865 vel
1281 3810 1323 3866 50
1338 3822 1396 3885 per
1410 3821 1466 3864 ex·

170 3917 388 4002 perimentum.

214 4027 329 4108 Esper.
349 4033 378 4088 5.
425 4022 523 4087 Globi
545 4034 679 4109 quatuor
700 4021 841 4105 pondere
860 4021 940 4098 1541
960 4042 1049 4108 gran.
1067 4022 1099 4084 in
1114 4022 1187 4108 aiire
1202 4031 1234 4082 et
1249 4024 1311 4101 311
1328 4040 1417 4106 gran.
1434 4017 1466 4079 in

170 4135 250 4221 aqui
274 4156 358 4218 saepe
380 4134 514 4210 demissi,
539 4133 693 4198 cadebant
714 4144 856 4215 tempore
878 4130 1108 4195 oscillationum
1125 4132 1200 4210 381,
1217 4135 1269 4205 39,
1288 4132 1349 4208 391
1366 4139 1398 4190 et
1413 4135 1466 4204 30,

170 4254 203 4306 et
216 4262 444 4325 nonnunquam
461 4250 512 4318 31,
530 4248 571 4305 33
587 4253 619 4306 et
635 4249 687 4316 88,
703 4228 916 4304 describentes
931 4238 1128 4304 altitudinem
1149 4234 1267 4320 pedum
1289 4235 1468 4322 quindecim

170 4363 205 4416 et
219 4349 390 4436 digitorum
404 4350 550 4414 duorum.

218 4460 280 4524 Per
313 4458 466 4524 theoriam
499 4460 612 4524 eadere
643 4458 821 4524 debuerunt
853 4471 994 4543 tempore
1024 4455 1255 4522 oscillationum
1285 4463 1327 4521 39
1358 4478 1468 4543 quam·

170 4569 326 4656 proxime.

214 4687 329 4766 Exper.
356 4690 387 4747 6.
435 4681 532 4746 Globi
557 4681 697 4768 quinque
726 4679 868 4764 pondere
898 4679 983 4758 3131
1011 4700 1101 4766 gran.
1132 4677 1165 4739 in
1190 4679 1262 4741 aere
1288 4689 1319 4740 et
1344 4680 1405 4758 791
1436 4676 1469 4739 in

173 4790 252 4878 equit
291 4814 375 4876 saepe
412 4790 549 4867 demissi,
588 4789 744 4854 cadebant
781 4802 922 4872 tempore
959 4784 1198 4850 oscillationum
1230 4794 1279 4862 15,
1314 4789 1384 4865 151,
1418 4791 1468 4860 16,
