3202 5446
156 466 234 531 xviii
694 470 919 539 EDITORIS
939 467 942 474 ’

156 643 287 710 taudem
301 643 482 722 etlocemur,
504 643 567 731 qui
583 635 734 709 n'imiraim
750 647 820 735 lege
834 649 882 711 ris
900 647 1061 736 gravitatis
1084 647 1245 715 decrescat
1268 649 1301 713 in
1323 650 1450 737 majori-

155 752 216 820 bus
226 778 246 819 a
256 755 369 821 tellure
384 754 550 820 distantiis
598 756 683 820 Nam
698 751 771 820 cnm
785 758 922 845 gravitas
932 781 997 822 non
1011 758 1136 824 diversa
1149 759 1190 825 ait
1201 782 1220 824 a
1230 760 1261 823 vi
1276 762 1449 846 centripeta

156 862 267 941 lunari,
289 864 360 928 hec
373 862 449 929 rerd
463 863 505 929 sit
523 863 682 949 reciproce
696 865 939 950 proportionalis
948 867 1101 954 quadrato
1115 868 1290 946 distantioe3
1313 868 1450 932 dimittu-

154 988 226 1039 etur
238 985 270 1037 et
283 970 420 1059 gratim
434 971 468 1034 in
482 969 591 1036 eadam
607 972 739 1036 ratione.

199 1082 446 1172 Progrediamur
463 1083 531 1168 jam
551 1082 595 1147 ad
619 1082 762 1169 planetas
781 1084 929 1170 reliquos.
974 1084 1135 1162 Quoniam
1160 1085 1369 1151 revolutiones
1383 1086 1450 1170 pri·

154 1193 324 1260 uaricum
346 1192 431 1258 circa
456 1190 556 1256 solem
569 1205 602 1255 et
627 1190 885 1257 secundariorum
910 1193 994 1257 circa
1006 1194 1114 1278 jovem
1137 1205 1170 1258 et
1191 1205 1355 1257 saturnum
1376 1205 1451 1256 sunt

151 1299 362 1391 maalmeon
390 1299 515 1388 generis
544 1298 685 1384 ejusdem
699 1321 736 1365 ac
765 1300 919 1364 revolutio
939 1301 1024 1365 lunae
1038 1302 1122 1367 circa
1148 1314 1277 1380 terram,
1299 1302 1452 1388 quoniam

151 1407 248 1498 patrol
261 1408 511 1476 demonstratum
533 1422 582 1472 est
596 1409 679 1473 vires
693 1409 882 1494 centripetas
896 1411 1118 1495 prinmriorum
1133 1412 1227 1500 dirigi
1241 1410 1350 1477 vermis
1376 1433 1453 1476 cen-

151 1534 234 1589 trum
249 1517 334 1596 eolis,
357 1517 615 1584 secundariorum
639 1517 748 1583 versds
763 1532 871 1585 centra
879 1521 962 1606 jovis
984 1523 1159 1602 etanturni,
1182 1523 1452 1611 quemadmodum

151 1627 237 1697 turta
259 1627 305 1692 vis
334 1629 508 1714 centripeta
536 1626 645 1692 versds
673 1642 768 1695 terroe
797 1643 940 1695 centrum
969 1633 1133 1723 dirigitur3
1155 1634 1276 1714 adhoec,
1300 1635 1450 1722 quoniam

151 1758 262 1807 mutter
277 1733 341 1801 illae
355 1736 437 1801 vises
452 1749 525 1800 sunt
539 1736 699 1821 reciproce
715 1751 749 1802 ut
763 1739 918 1824 quadrata
932 1739 1149 1807 distantiarum
1164 1767 1184 1808 a
1198 1743 1323 1820 centris,
1339 1765 1451 1829 quem·

150 1846 321 1917 utbaldum
346 1849 392 1913 vis
418 1849 503 1913 lunae
517 1860 566 1912 est
585 1860 621 1912 ut
643 1849 831 1934 quadratum
855 1850 1012 1914 distentiae
1030 1875 1050 1915 a
1073 1866 1173 1917 terra:
1197 1852 1450 1917 concludendum

149 1958 207 2031 atil
218 1960 351 2029 saulem
366 1984 434 2027 esse
460 1973 606 2024 naturam
620 1959 783 2022 universis.
828 1960 940 2045 Itaque
966 1972 1001 2023 ut
1029 1960 1104 2024 luna
1118 1963 1252 2049 gravitat
1266 1963 1298 2026 in
1321 1981 1461 2040 terram,-

149 2084 181 2143 οἱ
192 2085 275 2142 lotia
289 2075 425 2140 vicissim
440 2074 473 2137 in
487 2072 613 2148 lunam3
636 2073 681 2136 sic
696 2073 790 2137 etiam
804 2071 1006 2158 gravitabunt
1019 2095 1129 2137 omnes
1145 2074 1321 2137 secundarii
1336 2075 1368 2137 in
1383 2073 1451 2159 pri·

151 2179 266 2250 uuum
277 2204 360 2259 auos,
383 2195 415 2248 at
428 2180 570 2268 primarii
584 2179 721 2244 vicissim
731 2179 764 2243 in
779 2178 980 2244 secundarios
988 2203 997 2255 ;
1020 2179 1065 2243 sic
1080 2192 1112 2243 et
1126 2201 1235 2244 onmes
1249 2181 1391 2265 primarii
1416 2181 1451 2244 in

152 2286 261 2364 «Μ,
284 2303 316 2359 ot
331 2289 378 2355 sol
394 2289 529 2355 vicissim
544 2288 578 2351 in
592 2287 768 2373 primarios.

198 2396 300 2489 luitur
314 2398 361 2466 sol
387 2399 419 2464 iu
434 2397 575 2486 planetas
590 2397 753 2462 universos
774 2396 910 2484 gravimt
934 2407 966 2460 et
991 2395 1128 2459 universi
1153 2396 1187 2459 in
1210 2395 1319 2460 solem.
1365 2397 1450 2462 Nam

149 2506 326 2579 marturii
351 2506 428 2575 ddm
454 2505 619 2594 primarios
644 2527 718 2569 suos
743 2504 942 2581 comitantur,
965 2502 1172 2569 revolvuntur
1196 2503 1317 2569 intered
1330 2503 1453 2570 circrim

149 2616 413 2689 adoraudum
431 2615 597 2704 primariis.
645 2615 768 2680 Eodem
791 2614 898 2701 itaque
918 2626 1115 2701 argumento,
1142 2615 1304 2700 utriusque
1325 2617 1452 2702 generis

149 2724 285 2819 plorata
299 2726 455 2818 proritent
471 2725 503 2790 in
519 2723 627 2801 solem,
652 2735 683 2787 et
706 2722 754 2786 sol
780 2722 813 2785 in
833 2722 928 2807 ipsos.
975 2723 1185 2787 Secundarios
1208 2722 1284 2787 verd
1308 2722 1451 2808 planetas

150 2831 184 2907 ltt
198 2834 296 2904 aloru
311 2834 467 2927 pravitate
482 2830 607 2898 abundd
622 2831 750 2915 insuper
769 2842 893 2894 constat
913 2851 955 2893 ex
979 2830 1243 2918 inaequalitatibus
1268 2831 1450 2907 lunaribus3

150 2968 285 3041 illuuiem
312 2943 574 3015 accuratissimam
598 2939 761 3018 theoriam,
785 2939 971 3004 admiranda
995 2941 1164 3028 sagacitate
1188 2939 1385 3026 patefactam,
1416 2941 1450 3004 iu

151 3055 245 3127 lertio
260 3054 352 3146 ludus
367 3053 472 3143 upmis
487 3051 568 3116 libro
589 3050 764 3134 expositam
779 3047 941 3113 habemus.

194 3164 278 3233 dedis
295 3163 440 3235 eluatur
460 3160 654 3228 attractivam
669 3179 923 3246 quoquoversum
938 3157 1105 3246 propagari
1123 3157 1164 3221 ad
1186 3157 1329 3245 ingentes
1350 3178 1450 3242 usquo

150 3271 324 3346 tirrenum
347 3286 378 3340 ot
394 3294 462 3339 taso
476 3269 652 3337 ditlbndere
667 3267 708 3332 ad
733 3265 872 3354 singulas
898 3265 1089 3350 circumjecti
1104 3265 1196 3350 spatii
1219 3277 1334 3349 partes,
1358 3285 1450 3349 aper-

152 3382 269 3455 tlultttd
284 3381 389 3472 tolllpl
416 3392 519 3470 puteat
543 3401 582 3444 ex
607 3390 695 3443 motu
712 3387 924 3451 cometarum3
948 3374 1002 3461 qui
1024 3374 1064 3438 ab
1089 3373 1250 3438 immensis
1279 3371 1449 3437 intervallis

152 3494 282 3586 luidoni
301 3493 443 3561 lbrtuttur
458 3491 489 3557 iu
513 3488 656 3555 viciniam
671 3487 754 3566 solis,
771 3497 804 3551 et
817 3507 1043 3571 nonnunquam
1065 3482 1145 3547 adad
1163 3483 1205 3546 ad
1220 3483 1323 3567 ipsum
1337 3482 1448 3564 proxi-

153 3607 204 3677 tud
228 3604 379 3677 altulum
403 3616 437 3671 ttt
460 3600 590 3691 glutitum
616 3600 693 3685 ejus,
716 3599 749 3662 in
775 3595 933 3682 periheliis
957 3594 1019 3658 suis
1045 3605 1213 3669 versantes,
1237 3587 1359 3654 tanttim
1382 3613 1449 3655 non

152 3719 336 3811 «utillimam
352 3715 523 3783 abluantur.
571 3712 699 3778 Horum
725 3710 879 3775 theoriam
903 3709 943 3773 ab
968 3707 1154 3772 astronomis
1172 3704 1303 3769 antehac
1332 3706 1448 3770 frustra

152 3827 326 3917 artemitam.
351 3839 457 3892 titutru
473 3820 599 3888 taudem
615 3817 730 3884 sarculo
755 3816 886 3881 faciliter
908 3816 1067 3880 inventam
1081 3827 1113 3878 et
1135 3835 1192 3898 pcc
1214 3813 1448 3878 observationes

152 3933 322 4003 multabat
336 3933 590 4006 dotttmutratam,
613 3927 870 4014 praestantissimo
892 3938 1001 3990 nostro
1024 3923 1144 3988 auctori
1170 3922 1330 3988 debemus.
1355 3925 1449 3990 Patet

154 4041 248 4132 luitur
264 4057 399 4111 ttuttottu
416 4040 446 4105 iu
462 4038 650 4105 auctionibus
676 4035 792 4100 conicis
808 4033 972 4098 umbilicos
1000 4032 1034 4096 in
1048 4044 1157 4096 centro
1173 4032 1247 4096 solis
1258 4032 1448 4098 habentibus

154 4150 282 4225 ttttttutl.
306 4162 335 4218 ot
363 4147 456 4215 nuliis
482 4146 521 4214 ad
545 4145 642 4211 solem
668 4143 769 4209 ductis
791 4165 879 4207 areas
903 4140 1096 4225 temporibus
1119 4141 1369 4226 proportionales
1391 4143 1448 4208 de-

153 4258 300 4327 mullum.
334 4259 383 4327 lla
399 4255 483 4323 birca
495 4254 569 4322 verb
584 4252 799 4341 phrenomcnis
813 4249 1009 4316 manifestum
1025 4262 1114 4315 estet
1128 4250 1345 4316 mathematice
1361 4274 1447 4317 com-

155 4366 315 4456 pmlutur.
340 4366 419 4431 viros
434 4363 512 4440 illan,
536 4363 649 4450 quibua
664 4372 795 4425 cometae
818 4359 993 4424 retinentur
1006 4358 1040 4421 in
1065 4360 1174 4424 orbitis
1195 4360 1268 4436 suis,
1291 4361 1448 4444 respicere

155 4474 250 4541 udum
266 4489 297 4541 ot
312 4498 379 4541 uaso
395 4471 553 4558 reciproci·
570 4483 604 4535 ut
619 4468 770 4556 quadrata
783 4467 1002 4532 distantiarum
1011 4468 1051 4531 ab
1065 4469 1162 4553 ipsius
1175 4479 1293 4531 centro.
1332 4471 1447 4535 Gravi·

157 4595 222 4653 tunt
238 4583 340 4674 itaquo
356 4596 486 4649 cornetae
501 4581 532 4645 in
548 4579 664 4646 solem:
687 4589 781 4663 atque
802 4576 884 4642 adei)
898 4577 970 4640 solis
986 4577 1032 4642 vis
1053 4578 1215 4643 attractiva
1237 4599 1300 4641 non
1324 4581 1445 4649 tantdrn

156 4691 196 4762 tul
212 4714 343 4782 aitqaue
356 4690 552 4780 planetarum
568 4690 601 4754 in
610 4689 691 4754 datis
705 4688 859 4753 distantiis
871 4702 901 4753 et
924 4689 956 4752 in
971 4690 1082 4754 eodem
1098 4688 1162 4753 serie
1176 4690 1272 4774 plano
1283 4693 1444 4774 collocata,
