3202 5446
157 494 222 558 468
466 484 805 553 PHILOSOPHIAE
829 483 1102 553 NATURALIS
1161 485 1279 568 [Mor.
1296 484 1443 553 coms.

195 666 292 730 Corol.
310 673 339 728 3.
366 662 409 728 Et
422 661 646 738 universaliter,
670 662 696 723 si
711 659 950 747 oequivelocibus
965 660 1149 745 corporibus
1168 661 1333 725 resistitur
1346 662 1382 725 iu
1394 684 1440 726 rs·

149 773 232 837 tione
247 773 405 861 dignitatis
420 773 630 856 cujuscunque
645 770 885 833 diametrorum:
902 771 1001 854 spatia
1011 770 1124 856 quibus
1132 771 1220 857 globi
1236 770 1436 859 homogenei,

149 881 383 966 quibuscunque
407 900 479 941 cum
499 877 712 941 velocitatibus
732 877 818 953 moti,
843 879 986 941 amittent
1005 890 1108 961 partes
1130 891 1280 942 motuum
1306 900 1436 965 propor·

149 986 278 1050 tionales
293 986 375 1062 totis,
402 999 493 1048 erunt
508 996 544 1046 ut
557 984 629 1046 cubi
648 983 871 1047 diametrorum
892 983 933 1047 ad
958 983 1140 1069 dignitatem
1163 984 1254 1048 illam
1281 984 1434 1070 applicati.

151 1090 251 1153 Sunto
265 1088 408 1151 diametri
422 1087 456 1152 D
471 1101 503 1150 et
518 1086 547 1151 E
555 1111 564 1164 3
580 1100 612 1151 et
626 1089 652 1151 si
666 1089 859 1166 resistentioe,
886 1089 939 1152 ubi
961 1089 1138 1154 velocitates
1158 1091 1302 1177 requales
1316 1114 1434 1178 ponem

148 1209 210 1274 tur,
227 1196 289 1259 sint
303 1207 337 1259 ut
352 1194 386 1259 D
396 1203 411 1232 ¹¹
426 1207 457 1258 et
473 1196 541 1259 En:
565 1197 665 1279 spatia
679 1197 790 1281 quibus
804 1195 900 1283 globi,
922 1196 1158 1284 quibuscunque
1173 1220 1250 1263 cum
1267 1200 1432 1266 velocitati-

148 1301 209 1365 bus
223 1301 310 1377 moti,
334 1301 475 1364 amittent
489 1313 592 1385 partes
607 1314 747 1365 motuum
762 1303 1011 1387 proportionales
1033 1304 1115 1381 totis,
1140 1319 1235 1370 erunt
1251 1319 1290 1370 ut
1303 1307 1339 1373 D
1351 1306 1366 1345 ⁸
1376 1316 1431 1347 '⁸

150 1423 181 1474 et
208 1410 237 1473 Ε
258 1409 324 1446 ⁸*
338 1419 362 1474 ¹¹.
408 1409 451 1474 Et
475 1423 641 1494 propterea
666 1410 752 1498 globi
779 1411 966 1498 homogenei
995 1410 1202 1477 describendo
1231 1415 1338 1498 spatia
1364 1415 1431 1501 ipr'u

149 1517 184 1582 D
198 1517 259 1556 ³-
269 1527 284 1555 ²
299 1530 330 1583 et
345 1517 396 1583 13³
406 1530 446 1542 “
456 1527 471 1556 ¹¹
488 1519 741 1603 proportionalia,
758 1519 936 1583 retinebunt
949 1518 1124 1585 velocitates
1138 1521 1173 1585 iu
1188 1522 1306 1588 eidem
1320 1526 1429 1590 ratior!

150 1623 331 1689 adinvicem
346 1649 383 1689 ac
397 1626 455 1690 sub
471 1626 570 1690 initio.

193 1734 230 1817 (ο)
247 1736 345 1798 Corol.
362 1743 392 1798 4.
425 1733 522 1810 Quod
537 1733 563 1796 si
577 1731 663 1819 globi
683 1755 747 1797 non
759 1733 820 1795 sint
841 1731 1037 1818 homogenei,
1063 1734 1199 1818 spatium
1213 1757 1233 1799 a
1246 1737 1349 1824 globo
1361 1739 1428 1804 den·

151 1839 233 1903 siore
247 1839 437 1924 descriptum
449 1839 557 1926 augeri
572 1838 666 1902 debet
679 1839 712 1901 in
727 1838 847 1901 ratione
861 1837 1029 1903 densitatis.
1063 1839 1173 1904 Motus
1184 1842 1282 1920 euim,
1301 1845 1427 1930 subpari

150 1948 322 2026 velocitate,
350 1951 450 2034 major
464 1949 557 2012 estin
571 1948 690 2011 ratione
712 1947 881 2024 densitatis,
909 1962 940 2011 et
954 1960 1077 2033 tempus
1101 1955 1172 2034 (per
1185 1949 1271 2015 hanc
1289 1955 1426 2041 Propoe'·

151 2058 280 2139 tionem)
296 2072 427 2144 augetur
441 2057 474 2120 in
488 2059 607 2121 ratione
617 2072 719 2120 motus
734 2056 859 2133 directe,
875 2080 912 2121 ac
921 2060 1055 2142 spatium
1064 2059 1259 2148 descriptum
1269 2064 1305 2128 in
1317 2067 1425 2130 ratione

112 2234 115 2239 .
151 2167 311 2250 temporis.
882 2252 884 2257 Ι

194 2274 232 2358 (⁶)
254 2275 351 2337 Corol.
369 2280 398 2336 5.
431 2272 473 2335 Et
487 2272 512 2334 si
527 2271 613 2358 globi
628 2285 811 2336 moveantur
825 2274 858 2336 in
872 2274 982 2338 mediis
1002 2274 1129 2343 diversis
1138 2302 1148 2355 ς
1170 2282 1310 2365 spatium
1324 2283 1357 2346 in
1368 2303 1423 2345 me

150 2383 214 2461 dio,
231 2382 316 2468 quod
330 2382 450 2445 coeteris
463 2381 590 2465 paribus
604 2383 703 2468 magis
718 2382 841 2459 resistit,
858 2383 1094 2449 diminuendam
1109 2387 1169 2453 erit
1183 2390 1217 2453 in
1232 2392 1354 2456 rationo
1366 2412 1421 2454 un·

146 2493 224 2577 joris
240 2491 430 2555 resistentia.
474 2491 615 2575 Tempus
630 2492 712 2554 euim
728 2495 798 2575 (per
812 2491 892 2555 hanc
910 2491 1172 2578 Propositionem)
1196 2498 1419 2565 diminueturir

151 2603 269 2667 ratione
284 2602 465 2667 resistentioe
479 2614 588 2677 auctae,
605 2615 637 2666 et
650 2601 784 2685 spatium
798 2601 831 2663 in
846 2603 965 2666 ratione
980 2604 1137 2687 temporis.

639 2900 676 2986 (e)
701 2898 873 2965 namma
898 2900 943 2964 11.

150 3097 332 3162 Momentum
352 3096 465 3179 genite
489 3103 625 3177 aequatur
645 3096 795 3158 momentis
816 3097 941 3157 lateram
966 3094 1147 3178 singidonem
1165 3100 1369 3180 generamina
1384 3092 1409 3155 is

224 3208 379 3268 eorundem
393 3207 519 3267 luterum
534 3205 646 3267 indices
660 3205 840 3288 dignitatum
855 3214 884 3267 et
898 3205 1089 3290 coiffcientia
1098 3203 1238 3269 continui
1253 3209 1354 3272 ductis.

193 3401 340 3466 Genitam
356 3425 432 3465 voco
448 3401 649 3487 quantitatem
665 3423 799 3477 omnem,
825 3424 896 3486 quae
918 3423 957 3465 ex
979 3400 1126 3464 lateribus
1142 3402 1192 3466 vel
1207 3404 1346 3468 terminis
1359 3399 1409 3487 qui·

148 3511 328 3597 buscunque
337 3512 369 3573 in
381 3509 572 3574 arithmetici
584 3532 640 3594 per
649 3509 946 3594 multiplicationem,
961 3508 1152 3586 divisionem,
1163 3524 1196 3573 et
1204 3514 1410 3576 extractionem

149 3620 305 3696 radicum
328 3622 360 3684 in
376 3619 544 3708 geometriai
566 3641 623 3703 per
647 3618 855 3682 inventionem
871 3617 918 3680 vel
934 3630 1150 3680 contentorum
1166 3632 1197 3681 et
1213 3619 1355 3697 laterum,
1375 3615 1416 3681 vd

149 3743 355 3795 extremarum
371 3744 402 3793 et
415 3729 587 3792 mediarum
598 3727 885 3812 proportionalium,
912 3727 978 3790 sine
999 3726 1157 3792 additione
1177 3744 1209 3792 et
1224 3732 1418 3796 subductione

149 3853 324 3926 generatur.
368 3836 531 3923 Ejusmodi
551 3837 736 3922 quantitates
758 3849 830 3900 sunt
853 3835 934 3912 facti,
962 3835 1058 3919 quoti,
1079 3837 1210 3916 radices,
1238 3840 1419 3929 reetangulr,

149 3947 308 4035 quadrata,
325 3947 405 4023 cubi,
421 3945 686 4032 lateraquadrata,
703 3944 799 4009 latera
813 3945 931 4023 cubica,
948 3959 978 4009 et
989 3946 1112 4010 similes.
1148 3948 1221 4013 Has
1232 3954 1421 4037 quantitates,

149 4165 242 4291 (tllibl
256 4161 418 4290 llloloiaisaibt
425 4157 772 4286 gqubnqupffiqaepqqqg
804 4208 832 4246 ¹¹²
845 4215 860 4245 ⁸
872 4199 896 4246 D
908 4199 919 4221 ¹²
931 4213 975 4255 tt,
992 4208 1016 4245 et
1034 4197 1089 4261 quia
1105 4214 1117 4246 s
1132 4210 1167 4247 est
1181 4161 1423 4290 thoeffi

148 4292 270 4378 [¹2³3.
308 4328 388 4386 Queri
405 4329 423 4376 si
445 4337 545 4389 ponatur
563 4327 691 4374 resistentia
709 4342 727 4383 r,
744 4336 772 4373 ut
803 4342 840 4403 ⁴.)
853 4342 892 4389 fle,
902 4357 913 4386 ⁵
923 4301 1080 4396 utin-³29,
1098 4357 1140 4389 „u
1150 4304 1317 4390 uei-122⁸
1332 4349 1428 4408 mim

201 4388 213 4417 r
692 4431 697 4443 Ι
960 4397 975 4427 ι
986 4383 1010 4428 D
1020 4381 1073 4428 ”cc
1248 4401 1263 4432 a
1318 4381 1326 4404 '

149 4435 255 4491 D'cc,
272 4434 392 4508 eritsutl
406 4433 770 4505 D³··¹‚h⁰⁰0⁸¹2⁵l’³2¹⁰¹¹¹⁸3
804 4445 1066 4508 igiturdiminuendum
1082 4447 1429 4513 atiundonemaJorisren's·

148 4499 211 4610 quod
229 4499 281 4545 dati
298 4500 409 4546 densitate
425 4497 444 4552 i,
462 4506 510 4543 erat
521 4507 547 4542 ut
559 4496 603 4542 D³
614 4496 672 4553 -¹,
692 4510 772 4557 augeri
804 4512 889 4557 „mim

165 4561 506 4610 ebetinratiouedeusitatisi.
837 4576 870 4638 (‘)
889 4577 902 4604 ⁶
920 4576 986 4622 laem.
1003 4573 1039 4620 ll.
1065 4575 1152 4622 Totum
1169 4576 1232 4623 istud
1251 4577 1353 4626 Lemma
1368 4594 1430 4626 uun·

181 4647 215 4734 ς)
229 4650 240 4674 ·
257 4649 326 4694 Corol.
341 4651 363 4694 5.
386 4643 523 4693 Retinenda
533 4660 552 4697 r.
564 4659 617 4717 quor
627 4640 680 4689 ante
691 4651 772 4716 eratut
806 4645 857 4685 137.
870 4649 893 4684 et
900 4640 1049 4700 sequentibus
1058 4638 1110 4687 Lib.
1125 4640 1146 4688 1.
1154 4641 1207 4688 fuse*
1216 4644 1349 4702 expositum
1358 4644 1430 4692 vm

148 4710 174 4760 D
210 4726 254 4764 cc,
274 4721 387 4772 augeatur
403 4711 428 4757 iu
445 4710 531 4757 ratione
541 4708 621 4770 quiris
631 4724 652 4764 ι,
663 4721 703 4754 seu
717 4716 745 4753 ut
761 4721 773 4751 r
804 4704 881 4750 lector.
