3202 5446
153 394 263 458 brnen
289 383 454 468 Perseus]
501 386 739 453 PRINCIPIA
763 390 1131 462 MATHEMATICA.
1394 415 1435 475 59

194 568 264 631 cas.
289 569 320 627 2.
338 562 390 639 Et,
414 582 472 645 per
482 562 606 649 Legum
622 562 830 629 corollarium
844 565 997 651 quintum,
1011 567 1141 652 perinde
1154 578 1211 646 est,
1223 566 1287 632 sive
1300 565 1434 654 quiescat
1525 634 1528 642 ,

153 673 340 760 superficies,
370 673 405 734 in
427 670 487 756 qni
512 692 625 755 corpus
647 669 793 736 describit
812 673 945 760 figuram
967 675 1176 754 curvilincam,
1199 675 1263 741 sive
1276 690 1436 740 moveatur

155 779 264 848 eadem
289 776 353 843 und
378 800 451 841 cum
465 799 605 862 empore,
628 776 727 864 figuti
753 778 917 864 descripti,
940 792 973 845 et
993 797 1110 866 puncto
1132 805 1191 850 suo
1206 783 1230 849 S
1244 780 1436 847 uniformiter

152 888 183 954 in
197 888 361 952 directum.

193 997 293 1060 Corol.
319 1003 347 1059 l.
371 992 411 1057 In
425 992 531 1077 spatiis
546 991 596 1056 vel
609 991 719 1057 mediis
740 1014 805 1056 non
819 993 1036 1074 resistentibus,
1056 995 1084 1060 si
1098 1017 1178 1060 arere
1192 1016 1256 1059 non
1270 1007 1342 1060 sunt
1356 1008 1434 1059 tem·

152 1103 279 1188 poribus
292 1099 550 1186 proportionales,
572 1099 653 1163 vires
667 1121 730 1163 non
752 1099 884 1165 tendunt
908 1101 948 1165 sd
970 1123 1154 1167 concursum
1179 1101 1351 1180 radiorum3
1374 1105 1432 1189 (Β)

152 1209 206 1276 sed
219 1208 294 1274 inde
308 1208 466 1273 declinant
478 1208 512 1271 in
526 1208 753 1293 consequentia,
775 1230 830 1273 seu
844 1230 950 1274 versus
971 1209 1095 1301 plagnm
1115 1210 1149 1285 in
1163 1231 1257 1296 quam
1271 1210 1308 1276 fit
1321 1233 1434 1289 motus,

153 1316 287 1382 simodo
302 1337 445 1384 erearum
460 1315 627 1400 descriptio
653 1315 859 1380 acceleratur:
883 1317 930 1380 sin
944 1317 1128 1395 retardetur,
1154 1315 1311 1382 declinent
1333 1317 1365 1383 in
1379 1342 1434 1384 nn·

154 1424 332 1490 recedentia.

197 1533 295 1596 earn.
318 1539 348 1594 2.
372 1527 432 1615 (h)
456 1529 495 1592 ln
508 1530 618 1594 mediis
634 1531 726 1594 etiam
751 1532 972 1609 resistentibus,
1000 1533 1026 1596 si
1051 1555 1192 1597 arcarum
1206 1533 1372 1620 descriptio
1386 1557 1437 1599 nc·

158 1639 316 1716 celeratur,
331 1636 444 1700 virium
459 1636 644 1701 directiones
659 1636 816 1702 declinant
829 1636 1009 1703 dooncursu
1019 1639 1176 1704 radiorum
1187 1664 1292 1706 versus
1302 1643 1437 1731 plagam,

160 1746 191 1808 in
204 1766 297 1831 quam
307 1743 344 1808 fit
357 1755 470 1807 motus.

720 1914 878 1979 Scholinm.

204 2079 318 2167 Urgeri
346 2090 451 2162 potest
464 2078 578 2162 corpus
593 2075 612 2139 ὲ
626 2077 836 2162 vicentripeti
851 2077 1020 2164 compositi
1028 2100 1069 2142 ex
1078 2079 1218 2163 pluribus
1233 2078 1356 2142 viribus·
1400 2079 1440 2144 In

165 2186 221 2249 hoc
236 2208 309 2250 casu
323 2208 431 2250 sensus
446 2184 666 2270 propositionis
681 2197 738 2262 est,
754 2184 840 2271 quod
854 2185 899 2250 vis
912 2185 966 2251 illa
979 2208 1049 2272 quae
1071 2207 1111 2250 ex
1125 2186 1268 2250 omnibus
1282 2188 1442 2270 componi·

160 2307 217 2371 tur,
233 2292 334 2358 tendit
347 2292 389 2357 ad
409 2304 560 2377 punctum
577 2293 609 2357 S
652 2289 706 2376 (¹)
731 2292 832 2356 Porro
846 2292 873 2356 si
885 2293 931 2357 vis
943 2293 1045 2379 aliqua
1059 2306 1131 2381 agat
1157 2291 1309 2378 perpetuo
1334 2315 1443 2358 secrrn-

162 2400 234 2464 dum
248 2401 366 2464 lineam
381 2399 557 2483 superficiei
571 2397 734 2482 descriptae
755 2399 1059 2483 perpendicularem
1082 2401 1150 2465 baec
1171 2399 1261 2465 faciet
1281 2412 1317 2464 ut
1331 2420 1444 2484 corpus

161 2507 342 2573 deflectatur
355 2503 376 2568 i
388 2505 483 2590 plano
494 2506 542 2569 sui
555 2518 679 2569 motus:
703 2505 758 2569 sed
773 2506 973 2591 quantitatem
999 2507 1174 2591 superficiei
1199 2507 1361 2591 descriptae
1386 2528 1444 2571 nec

156 2616 284 2704 augebit
297 2637 357 2679 nec
371 2614 500 2692 minuet,
516 2626 548 2677 et
561 2625 727 2700 propterea
740 2614 773 2676 in
788 2614 1012 2698 compositione
1024 2615 1135 2678 virium
1146 2614 1332 2702 negligenda
1345 2626 1401 2678 est

420 2842 710 2910 PROPOSITIO
732 2844 795 2909 111.
826 2841 1097 2910 THEOREMA
1120 2843 1184 2907 111.

160 2971 272 3053 eorpus
286 2991 379 3044 omne,
404 2973 482 3052 quod
505 2973 593 3033 radio
615 2973 658 3032 ad
679 2981 807 3032 centrum
829 2973 959 3053 corporis
973 2971 1095 3033 atterius
1109 2980 1249 3053 utcunque
1267 2972 1338 3033 moti
1358 2974 1443 3034 ducto

198 3077 332 3140 deaeribit
353 3098 445 3139 arene
469 3079 548 3139 circa
573 3086 700 3139 centrum
725 3079 801 3139 illnd
822 3078 996 3158 temporibus
1016 3079 1264 3159 proportionales,
1279 3088 1399 3161 urgetur
1412 3081 1443 3141 nr'

203 3184 356 3268 compositri
370 3208 408 3248 en
422 3187 453 3248 rn'
477 3187 638 3267 centrr'petd
667 3188 801 3248 tendente
814 3188 857 3247 ad
869 3207 972 3267 eorpus
987 3187 1063 3247 illud
1078 3189 1210 3262 alterum,
1226 3188 1348 3249 eterni
1363 3189 1442 3248 omni

203 3293 402 3354 ccoekratn'ce
416 3292 474 3373 quei
488 3314 591 3374 corpus
605 3294 682 3354 illud
695 3293 819 3354 alterum
830 3302 959 3375 urgetur.

208 3473 264 3558 (¹)
289 3475 339 3538 Sit
367 3495 479 3558 corpus
506 3473 642 3558 primum
671 3472 710 3548 L,
734 3483 765 3535 et
793 3494 906 3555 corpus
946 3471 1077 3534 alterum
1096 3471 1147 3534 T:
1184 3483 1215 3534 et
1243 3477 1311 3555 (per
1338 3469 1441 3556 legum

189 3687 233 3750 (¹)
251 3693 306 3736 trs.
321 3688 368 3734 Sed
378 3685 434 3733 inde
445 3684 564 3732 declinent
575 3684 599 3730 in
615 3682 783 3744 consequentia,
816 3681 962 3742 scriptionem
973 3679 1043 3727 etism
1054 3677 1144 3726 sublati
1161 3677 1232 3726 medii
1242 3674 1369 3724 resistendi
1379 3692 1443 3725 acce-

168 3751 256 3800 n'nodb
266 3767 375 3800 acetrum
391 3750 514 3811 descriptio
530 3748 682 3795 acceleretur:
703 3748 739 3792 sin
749 3762 784 3793 re-
817 3746 884 3794 letari
895 3753 1006 3806 oportere,
1018 3758 1045 3790 ac
1062 3740 1159 3804 proinde
1176 3758 1217 3803 per
1230 3739 1315 3789 Coreli.
1331 3756 1345 3787 n
1358 3739 1442 3788 virium

168 3817 265 3870 wdnur.
294 3815 412 3863 declinant
433 3815 458 3860 in
479 3813 644 3860 antecedentis.
679 3811 743 3858 Nem
764 3811 784 3857 si
816 3807 1227 3858 directionesdeclinnredconcursu
1244 3804 1442 3863 radiorumins,

167 3880 301 3944 tinngrrlnm
322 3880 415 3932 SBC,
437 3877 525 3939 aequrle
546 3892 594 3923 non
612 3886 647 3922 est
667 3874 784 3936 triangulo
815 3876 894 3921 versus
904 3873 997 3935 pingam
1007 3872 1032 3918 in
1042 3887 1112 3934 quem
1128 3870 1154 3917 tit
1164 3881 1249 3917 motus.

168 3943 212 3992 ΕΛ
225 3946 254 4000 B,
276 3945 415 3998 neuSBc,
438 3942 519 3989 eodem
543 3950 647 4000 ternpore
663 3939 782 3999 descripto.
848 3939 890 4002 (¹)
909 3943 962 3985 180.
984 3933 1085 3984 Porrbsi
1105 3931 1443 3996 visillaperpetudsecundbm

165 4010 283 4066 mee,
306 4023 354 4054 non
376 4008 420 4054 erit
441 4004 550 4064 parellcla
570 4005 640 4051 linere
662 4004 721 4059 RS,
744 4002 785 4049 sed
817 4003 903 4050 lineam
933 4000 1061 4062 superficiei
1086 3999 1204 4059 descriptae
1230 3996 1443 4058 perpendicularem

165 4072 269 4131 reducta
279 4088 335 4120 cum
346 4071 408 4118 linei
421 4072 437 4117 S
449 4071 477 4122 B,
493 4070 526 4116 itt
536 4077 659 4130 converget
669 4076 696 4114 ut
707 4067 786 4113 tendat
816 4078 877 4129 agat,
888 4066 986 4128 planum
997 4064 1125 4128 subjectum
1137 4063 1249 4110 duntaxat
1258 4061 1349 4122 premit,
1361 4072 1384 4109 et
1394 4079 1444 4110 cor.

165 4135 211 4197 inp
303 4135 389 4192 motis,
409 4135 429 4181 si
446 4133 617 4196 triangulumS
630 4133 651 4178 B
666 4133 693 4185 C,
715 4131 786 4177 triam
818 4147 863 4191 pus
873 4132 898 4178 in
909 4130 950 4176 illo
960 4129 1030 4190 plano
1040 4138 1130 4175 motum
1142 4127 1167 4173 in
1177 4136 1283 4173 neutram
1300 4136 1388 4185 purtem
1400 4127 1444 4173 irn-

164 4137 310 4262 gulohdultnc,
322 4200 400 4262 majus
411 4208 452 4252 est,
471 4209 494 4244 er
504 4196 583 4244 tendet
594 4197 618 4242 in
630 4196 723 4258 plegem
731 4210 786 4241 con·
818 4195 890 4256 pellit,
902 4210 928 4241 nc
938 4192 1034 4254 proinde
1045 4209 1087 4239 nec
1098 4190 1226 4252 superficiei
1241 4189 1359 4266 descripte
1370 4206 1444 4251 quan.

164 4265 252 4311 terrim
272 4262 450 4327 aitrinngulum
463 4262 480 4308 S
492 4263 513 4308 B
528 4262 555 4317 C,
575 4259 692 4322 triangulo
705 4260 722 4306 S
735 4261 753 4304 B
765 4275 785 4312 c,
817 4260 907 4305 ritatem
918 4267 988 4320 auget
999 4272 1041 4304 nec
1051 4256 1143 4310 minuit,
1153 4264 1176 4301 et
1185 4252 1304 4314 propterel
1315 4270 1340 4300 in
1351 4270 1442 4315 compn-

163 4329 243 4375 rninus.
280 4327 361 4382 Quare
378 4327 413 4373 ris
429 4325 554 4386 centripeta
565 4325 590 4371 in
610 4326 637 4380 B,
660 4339 731 4386 agens
749 4328 792 4370 se-'
816 4323 898 4370 sitione
911 4323 994 4368 virium
1004 4321 1030 4367 in
1041 4321 1111 4382 plano
1122 4317 1240 4381 egentium
1251 4317 1391 4381 negligenda
1401 4328 1442 4365 cst.

163 4393 264 4440 errulum
282 4390 433 4439 directionem
450 4389 584 4450 parallelum
605 4388 737 4443 linereCr,
759 4388 784 4433 in
849 4388 896 4450 (a)
917 4391 969 4433 181.
1005 4386 1096 4445 Corpus
1115 4384 1145 4439 L,
1175 4381 1234 4428 circrl
1253 4383 1350 4430 alterurn
1371 4381 1400 4437 Τ,
1419 4381 1443 4428 in

164 4457 235 4516 prirno
245 4471 300 4503 orsu
312 4455 413 4502 declinat
423 4456 448 4501 in
460 4455 630 4515 consequentis.
651 4452 674 4498 in
686 4452 788 4498 secundo
819 4451 889 4498 curat
904 4451 926 4497 A
939 4451 962 4498 L
975 4451 1004 4506 B,
1016 4448 1048 4496 itt
1059 4447 1195 4502 revolvatur,
1206 4457 1234 4493 ut
1244 4447 1303 4494 ciret
1318 4446 1381 4492 iliius
1391 4461 1445 4492 cen·

163 4535 215 4567 rnen
225 4520 326 4568 declinet
335 4521 361 4566 in
371 4517 537 4567 antecedentis.
820 4525 883 4562 trum
896 4516 925 4571 T,
938 4530 1027 4574 semper
1037 4512 1148 4560 describet
1156 4526 1219 4558 arens
1235 4511 1375 4570 temporibus
1393 4525 1445 4569 pro-

194 4585 239 4641 (ι)
260 4590 311 4633 119.
331 4584 395 4633 Cum
407 4583 470 4631 enim
491 4580 790 4629 mediumrenistataccele-
821 4579 966 4640 portionale,
981 4578 1039 4626 dum
1058 4576 1150 4623 interim
1168 4590 1251 4636 corpus
1270 4576 1299 4630 T,
1317 4574 1445 4636 urgeturvi

164 4641 243 4696 retineri
253 4647 412 4710 duuiptitnis
422 4662 536 4703 erearum,
545 4645 617 4708 liquet
628 4660 731 4694 arearum
750 4644 790 4692 de-
799 4644 977 4756 Encceleratrice
995 4640 1123 4690 socundirm
1134 4639 1282 4688 directionem
1294 4639 1316 4686 T
1330 4638 1361 4694 Q,
1373 4647 1396 4683 et
1407 4654 1445 4698 par
