3202 5446
82 475 197 561 Lmen
214 476 378 558 Securo]
424 479 664 546 PRINCIPIA
696 480 1070 549 MATHEMATICA.
1295 491 1352 554 ost

84 649 243 738 cylindrus
258 650 300 715 de
314 674 377 738 quo
391 653 524 741 agimus,
547 666 579 719 et
592 668 697 740 partes
712 668 863 722 extreme
879 657 910 722 A
927 658 955 723 B
972 658 1001 722 E
1015 669 1047 723 et
1064 659 1091 723 C
1107 659 1141 722 D
1157 658 1185 723 F
1199 658 1378 724 contineant

84 774 190 848 portes
214 762 304 835 fluidi
328 764 410 827 inter
434 786 469 828 se
495 765 686 850 quiescentes
712 780 745 837 et
768 768 803 839 in
828 789 962 852 corpore
987 768 1051 832 duo
1080 767 1181 854 rigide
1206 781 1375 846 concretos,

84 869 616 961 quaecylindroutrinquetanuam

82 988 221 1062 caputet
234 976 336 1041 cnudo
348 977 539 1043 sdhaereent.
570 979 614 1044 Et

82 1085 176 1150 solidi
202 1084 475 1164 EACFDB,
502 1110 612 1151 secun·

81 1192 159 1260 dum
168 1187 397 1282 longitudinem
406 1197 473 1260 axis
483 1195 531 1259 sui
544 1196 571 1260 F
583 1196 613 1260 E

81 1304 115 1368 in
128 1316 235 1397 partes
245 1327 354 1370 versus
367 1305 612 1393 Eprogredien·

81 1411 132 1501 tis,
159 1412 336 1485 resistentia
360 1436 399 1477 es
420 1415 481 1478 erit
503 1435 612 1500 quem·

80 1519 225 1605 proxime
248 1541 343 1606 quem
365 1520 399 1584 in
420 1519 481 1585 htc
497 1522 619 1606 Propo·

81 1629 194 1700 sitione
215 1629 447 1714 descripsimus,
472 1630 506 1694 id
528 1643 585 1709 est,
611 1649 683 1716 quae
705 1625 858 1690 rationem
873 1624 959 1688 illem
973 1623 1069 1689 habet
1083 1626 1123 1690 sd
1138 1627 1202 1690 vim
1217 1626 1279 1713 qud
1294 1641 1376 1692 totus

80 1736 215 1829 cylindri
236 1750 351 1816 motus,
381 1739 501 1804 interea
526 1739 602 1802 dum
631 1734 797 1823 longitudo
826 1743 846 1797 4
869 1734 900 1797 A
924 1732 952 1796 C
981 1747 1068 1797 motu
1097 1735 1152 1798 illo
1181 1736 1377 1803 uniformiter

80 1845 263 1916 continuato
285 1846 481 1913 describatur
501 1848 552 1913 vel
574 1846 642 1912 tolll
656 1846 757 1931 possit
769 1842 819 1908 vel
833 1844 986 1930 generari,
1011 1867 1106 1931 quam
1127 1844 1265 1910 densitas
1286 1845 1374 1915 fluidi

79 1955 176 2020 hebet
198 1956 239 2020 sd
265 1956 451 2023 densitatem
475 1959 609 2047 cylindri
636 1953 884 2043 quamproxime.
931 1954 970 2039 (i)
994 1954 1039 2019 Et
1063 1955 1123 2020 htc
1145 1956 1177 2020 vi
1202 1956 1375 2023 resistentis

79 2066 182 2131 minor
208 2089 277 2131 esse
300 2091 364 2132 non
388 2081 494 2153 potest
519 2066 613 2156 quim
636 2066 671 2130 in
693 2064 815 2130 ratione
841 2071 861 2126 2
887 2063 928 2127 sd
953 2072 983 2128 8.
1007 2085 1065 2148 per
1093 2065 1199 2130 Corol
1223 2072 1254 2134 t.
1278 2065 1373 2150 Prop.

81 2175 251 2243 XXXVI.

772 1220 940 1252 ···s·s·t··r·s··--

710 1245 769 1295 ‘ms'

663 1275 708 1338 li.-

702 1335 742 1392 s„
743 1382 950 1425 „„„„„„„„„„„„„„„„
1047 1416 1049 1420 Δ

113 2361 149 2428 (¹)
167 2366 180 2395 ⁸
199 2365 233 2413 rs
251 2362 295 2414 tte
315 2367 338 2414 vi
360 2369 486 2442 resistentia
508 2369 585 2418 mittor
600 2381 647 2415 este
664 2383 713 2415 ssss

76 2429 230 2551 plltlllllvlfi
245 2429 713 2557 miitldlulellsldunoltpeplotglrpodderldrdg'·

80 2552 151 2602 lindri
162 2571 237 2618 sque,
254 2557 323 2620 cnjus
339 2558 400 2606 bssis
417 2569 452 2605 est
467 2559 575 2606 circellus
588 2558 609 2606 P
620 2560 645 2614 Q
656 2559 715 2624 (sire

84 2623 609 2701 nnmnsntotenoutno.
645 2637 715 2701 (vsu

81 2698 171 2762 dgurss
187 2702 339 2763 superiores.)
373 2702 490 2750 Velocitss
500 2718 571 2766 quem
587 2703 625 2749 hic
641 2701 714 2764 cylin-

82 2762 139 2811 drus
149 2779 226 2826 squte,
244 2767 266 2811 vi
283 2766 392 2827 ponderis
403 2767 439 2815 sui
451 2767 555 2815 cedendo
566 2776 590 2814 et
600 2783 656 2814 cssu
672 2782 716 2814 suo

82 2826 235 2877 describendo
255 2829 403 2878 altitudinem
423 2831 481 2878 EL
498 2831 603 2894 acquirit,
620 2831 717 2894 equsfis

82 2902 118 2939 est
134 2892 251 2941 velocitati
267 2910 323 2943 cum
339 2894 386 2956 qui
403 2895 521 2956 cylindrus
535 2897 556 2941 A
571 2895 592 2942 C
606 2895 630 2940 D
644 2896 673 2950 Β,
691 2895 715 2941 in

84 2954 147 3019 equs
157 2969 266 3005 moretur
278 2963 318 3023 (es
330 2958 406 3019 dem.)
419 2968 442 3006 et
452 2957 506 3006 ideo
517 2958 571 3005 cum
583 2958 644 3014 betis
656 2959 679 3010 A
695 2959 715 3007 B

84 3021 115 3067 sit
131 3021 201 3069 edem
221 3023 315 3085 utrique
333 3022 440 3085 cylindro
461 3023 599 3078 communis,
622 3023 717 3082 pondus

82 3084 183 3146 cylindri
205 3101 273 3150 squar
292 3088 337 3135 erit
354 3087 384 3135 sd
402 3088 449 3133 vim
469 3086 516 3149 qui
534 3096 597 3134 totus
617 3086 716 3147 cylindri

85 3151 109 3202 Α
128 3149 151 3201 Β
170 3150 195 3203 D
213 3152 233 3199 C
251 3161 337 3207 notus.
356 3166 404 3213 quo
422 3161 527 3212 tempore
544 3149 716 3213 longitudinm

84 3218 101 3261 4
113 3215 136 3260 A
151 3214 172 3261 C
189 3214 338 3265 uniformiter
348 3215 466 3270 describit,
479 3216 585 3278 genersri
598 3215 669 3275 possit
680 3214 717 3262 vel

83 3275 143 3334 tout,
163 3278 188 3324 ln
205 3280 294 3327 ratione
310 3279 439 3340 compositi
449 3296 478 3327 es
489 3280 580 3326 ratione
594 3279 716 3329 dondtstis

82 3356 150 3404 sque
165 3342 195 3389 sd
212 3342 350 3392 densitatem
367 3344 466 3406 cylindri
483 3345 504 3392 A
520 3345 541 3392 B
555 3344 580 3392 D
594 3346 622 3401 C,
640 3354 663 3391 et
679 3359 715 3391 rs·

80 3418 146 3476 son·
161 3409 322 3486 sunum
336 3421 596 3473 numunianum
610 3422 632 3468 s
648 3421 674 3474 c,
692 3431 716 3470 et

82 3483 252 3544 rstionespstii
269 3491 320 3535 4A
337 3487 358 3534 C
373 3487 403 3534 sd
419 3487 521 3547 spstium
539 3485 715 3546 2EL(980),

83 3545 109 3593 id
119 3556 161 3604 est,
179 3548 204 3595 in
215 3549 305 3600 rstiorte
315 3551 444 3612 compositi
455 3565 483 3597 es
495 3551 585 3597 rstiotte
596 3548 716 3596 densitatis

84 3625 151 3673 sque
168 3612 198 3660 sd
216 3613 355 3664 densitatem
373 3614 474 3677 cylindri
498 3616 519 3660 A
535 3616 556 3662 Β
571 3613 595 3662 D
609 3615 629 3661 C
644 3624 668 3660 et
678 3629 715 3660 rs·

83 3674 213 3725 denoted
225 3685 248 3726 8.
285 3681 310 3728 Si
328 3682 407 3742 itsqne
422 3680 457 3726 vis
472 3677 520 3741 qui
535 3689 599 3726 totus
617 3677 716 3739 cylindri

85 3739 109 3786 A
129 3740 152 3788 B
172 3742 196 3788 D
217 3741 237 3791 C
258 3757 345 3800 motus,
371 3742 517 3792 interesdum
542 3742 714 3807 longitudinem

83 3809 99 3850 4
112 3804 136 3851 A
149 3805 177 3859 C,
195 3807 346 3857 uniformiter
361 3808 477 3862 describit,
497 3809 602 3870 generari
613 3807 648 3854 sei
664 3806 714 3853 tolli

82 3869 162 3928 possit,
182 3871 212 3918 sit
223 3871 252 3919 sd
264 3875 311 3920 vim
324 3874 426 3935 sliqusm
439 3874 468 3929 P,
485 3882 513 3920 ut
523 3871 624 3920 densitss
639 3872 713 3934 cylin-

80 3931 120 3983 λη’
141 3934 713 4000 Anucmdeststmsomttps

80 3998 713 4128 sttsssuttstttntutstt

81 4083 421 4239 wfidmimmm
437 4139 527 4191 potem
546 4143 618 4196 qusm
634 4128 659 4176 in
674 4141 710 4174 rs·

132 4195 174 4237 et
226 4198 248 4242 a

102 4353 187 4407 Vsu!-
697 4366 719 4412 Τ
730 4377 738 4415 t
