3188 5444
159 527 219 587 644,
480 498 825 571 PH1LOSOPH1AE
848 492 1126 564 NATURALIS
1185 495 1463 577 [Mor-‚eonon

152 687 281 777 requalis
304 697 351 749 est
375 681 510 768 ponderi
531 677 712 766 cylindricae
734 673 892 738 columnae
913 694 1014 758 aquae,
1039 673 1129 758 cujus
1146 672 1236 737 basis
1254 687 1308 738 ast
1326 673 1464 740 foramen

155 797 185 864 Ε
202 799 238 876 F,
255 809 288 861 et
302 793 435 860 altitudo
451 801 471 856 2
488 791 521 857 G
538 790 554 855 1
571 789 617 852 vel
636 797 655 851 2
670 788 698 852 C
716 785 759 852 K.
794 785 879 850 Nam
890 807 974 871 aqua
987 784 1130 863 exiliens,
1141 808 1209 872 quo
1225 801 1375 872 tempore
1387 787 1464 851 hanc

153 909 333 973 colunmam
357 913 470 988 aequat,
496 900 638 985 pondere
664 920 722 962 suo
746 897 787 961 ab
814 895 981 961 altitudine
1004 896 1071 962 Gl
1094 896 1244 962 cadendo
1266 896 1462 962 velocitatem

153 1039 251 1094 suam,
269 1015 331 1102 quai
346 1013 444 1090 exilit,
461 1010 623 1096 acquirere
637 1019 751 1092 potest

198 1127 297 1191 Corol.
315 1132 344 1186 3.
380 1119 510 1185 Pondus
526 1140 616 1203 aquae
631 1117 726 1180 totius
739 1114 773 1177 iu
788 1128 860 1176 vase

155 1232 187 1296 A
203 1232 231 1294 B
247 1231 281 1294 D
299 1229 327 1292 C
343 1243 391 1292 est
405 1226 445 1290 ad
459 1225 609 1310 ponderis
630 1235 763 1309 partem,
787 1243 860 1308 quae

154 1344 187 1406 in
202 1339 365 1403 defluxum
381 1358 472 1421 aquae
486 1333 688 1417 impenditur,
716 1344 752 1405 ut
774 1353 858 1396 amn-

152 1472 205 1512 ma
227 1446 416 1511 circulorum
431 1445 463 1508 A
479 1443 507 1507 B
523 1455 555 1506 et
571 1442 600 1506 E
617 1441 644 1505 F
663 1442 705 1506 ad
727 1441 860 1526 duplum

154 1557 307 1622 circulum
333 1556 362 1618 E
387 1554 422 1618 F.
470 1553 518 1618 Sit
543 1551 628 1616 enirn
654 1551 671 1615 I
695 1552 727 1617 Ο
756 1551 861 1615 media

153 1664 396 1752 proportionalis
408 1664 490 1726 inter
506 1662 523 1726 I
537 1662 573 1726 H
589 1677 620 1725 et
637 1661 652 1726 Ι
666 1661 699 1727 G
707 1685 716 1738 ;
733 1674 765 1724 ct
778 1682 860 1747 aqua

155 1792 211 1856 per
232 1770 373 1833 foramen
401 1768 430 1834 Ε
448 1768 474 1832 F
496 1769 671 1854 egrediens,
699 1792 762 1856 quo
781 1781 860 1832 tem-

153 1900 231 1964 pore
245 1893 336 1967 gutta
351 1879 494 1943 cadendo
509 1880 549 1943 ab
565 1879 582 1943 Ι
598 1880 776 1944 describere
785 1899 860 1964 pos·

155 1999 204 2051 set
226 1987 425 2051 altitudinem
441 1987 458 2051 Ι
475 1987 519 2066 G,
543 1989 672 2076 aequalis
687 1989 747 2052 erit
761 1987 860 2074 cylin-

129 2175 132 2180 ,
154 2098 213 2163 dro
228 2101 316 2184 cujus
331 2100 413 2163 basis
429 2113 477 2164 est
491 2099 627 2164 circulus
651 2100 680 2164 E
698 2099 726 2164 F
743 2113 775 2162 et
788 2097 859 2161 alti·

154 2206 232 2269 tudo
247 2219 295 2270 est
310 2216 329 2270 2
346 2207 363 2271 Ι
380 2208 423 2284 G,
449 2207 480 2270 id
497 2222 554 2284 est,
582 2208 725 2294 cylindro
750 2208 838 2291 cujus
863 2205 947 2270 basis
970 2216 1018 2268 est
1031 2201 1168 2266 circulus
1184 2204 1218 2267 A
1236 2204 1271 2268 B
1286 2219 1321 2270 et
1335 2205 1458 2271 altitudo

154 2327 202 2378 est
217 2322 237 2376 ί)
254 2314 271 2378 I
291 2314 332 2391 Ο,
358 2317 395 2399 (θ)
411 2337 484 2377 narn
507 2315 642 2379 circulus
658 2313 688 2379 E
703 2314 731 2378 F
746 2326 793 2378 est
810 2313 851 2377 ad
866 2311 1018 2377 circulum
1033 2312 1064 2375 A
1081 2310 1110 2374 B
1124 2311 1158 2374 in
1175 2311 1402 2398 subduplicati
1415 2336 1458 2377 ra·

155 2423 240 2488 tione
255 2423 427 2487 altitudinis
444 2423 460 2486 Ι
479 2423 515 2486 Η
530 2424 570 2486 ad
586 2423 783 2486 altitudinem
799 2422 815 2487 1
832 2422 874 2498 G,
891 2421 952 2483 hoc
961 2431 1018 2496 est,
1042 2418 1076 2481 in
1098 2417 1236 2503 simplici
1258 2421 1385 2485 ratione
1398 2443 1457 2484 nra·

154 2532 217 2596 diae
232 2532 475 2617 proportionalis
492 2532 509 2596 Ι
526 2532 557 2597 Ο
572 2532 614 2596 ad
628 2531 824 2595 altitudinem
840 2531 857 2595 1
874 2531 924 2595 G:
948 2540 980 2593 et
995 2550 1059 2615 quo
1073 2540 1220 2612 ternpore
1235 2542 1335 2617 gutta
1349 2530 1457 2596 cader-

154 2641 196 2705 do
211 2642 252 2706 ab
268 2643 285 2707 1
300 2642 477 2707 describere
491 2655 595 2727 potest
608 2642 804 2707 altitudinem
821 2643 837 2705 Ι
855 2640 902 2717 Η,
919 2661 1000 2725 aqua
1014 2637 1182 2726 egrediens
1198 2635 1234 2722 (Ι)
1252 2640 1387 2727 aequalis
1401 2639 1454 2704 crit

154 2751 296 2838 cylindro
319 2755 406 2838 cujus
428 2753 511 2816 basis
527 2766 575 2817 est
590 2752 723 2817 circulus
740 2754 770 2817 A
788 2753 816 2815 B
831 2763 863 2815 et
877 2749 1009 2814 altitudo
1023 2761 1071 2813 est
1086 2757 1107 2812 2
1124 2748 1141 2812 Ι
1158 2749 1219 2814 H:
1244 2764 1281 2815 et
1296 2774 1362 2838 quo
1382 2765 1454 2815 tenr-

152 2881 231 2945 pore
255 2872 345 2948 gutta
367 2861 510 2926 cadendo
529 2862 569 2925 ab
585 2862 602 2926 Ι
617 2884 676 2947 per
692 2862 729 2926 H
744 2860 784 2925 ad
801 2860 834 2926 G
849 2859 999 2923 describit
1018 2856 1223 2922 altitudinum
1249 2858 1451 2924 differentiani

155 2967 191 3031 H
209 2967 251 3045 G,
268 2992 350 3055 aqua
363 2969 539 3057 egrediens,
557 2971 596 3056 (Β)
606 2970 638 3034 id
654 2983 710 3047 est,
727 2993 808 3056 aqua
822 2979 889 3032 tota
902 2968 934 3030 in
951 2966 1052 3031 solido
1068 2968 1098 3031 A
1117 2966 1145 3030 B
1163 2965 1197 3031 N
1212 2967 1241 3032 F
1254 2968 1288 3032 E
1302 2969 1343 3035 M
1357 2991 1453 3056 requa-

152 3169 257 3220 motits.”
290 3171 345 3220 Jam
357 3170 411 3220 verb
421 3173 493 3236 hujus
505 3174 560 3221 cor.
572 3180 594 3220 2.
609 3172 784 3221 demonstratio-
816 3172 917 3221 altitudo
930 3173 953 3219 G
963 3172 985 3230 1,
997 3180 1032 3219 est
1042 3170 1073 3218 ad
1082 3171 1132 3219 vim
1143 3172 1194 3235 qui
1205 3183 1274 3221 tonas
1284 3191 1354 3238 aqna
1363 3174 1451 3223 affin·

153 3251 209 3285 nem
224 3234 332 3283 dedimus
349 3238 446 3299 (mh
466 3239 543 3296 aliam,
562 3253 633 3301 quarn
655 3241 785 3287 Nentonua
816 3239 935 3285 tumotus
952 3237 1057 3301 generari
1076 3247 1153 3297 potest
1169 3248 1199 3285 ut
1212 3244 1223 3286 l
1238 3239 1271 3286 ad
1284 3247 1309 3296 2,
1325 3237 1449 3301 erprdmlr

152 3301 246 3355 indicat,
267 3313 424 3360 exposuerunt
437 3303 523 3349 Comes
543 3305 653 3350 Riccatus
669 3305 695 3350 in
711 3303 785 3351 citatis
816 3304 867 3349 hacc
878 3303 912 3348 vis
922 3302 1017 3364 aqualia
1028 3311 1063 3347 est
1073 3301 1172 3361 ponderi
1184 3303 1327 3364 cylindricae
1342 3306 1449 3352 nolimu

154 3365 372 3423 Exercitationibua,
392 3376 416 3413 et
433 3367 576 3414 Eustachius
592 3367 741 3416 Manfredius
757 3369 782 3414 in
814 3383 881 3430 aquae
897 3369 964 3430 cujus
983 3366 1042 3413 basis
1060 3376 1084 3413 et
1100 3367 1208 3414 foramen
1227 3368 1253 3415 Ε
1276 3369 1337 3417 Fer
1358 3365 1448 3416 naar&

155 3431 354 3479 Adnotationibus
364 3429 394 3476 ad
405 3445 454 3491 cap.
472 3437 492 3477 1.
508 3431 631 3479 Tractatits
644 3432 782 3481 Guilelmini
817 3439 832 3480 2
845 3432 868 3479 G
882 3433 904 3479 Ι.
940 3433 971 3486 Q,
985 3446 1004 3477 e.
1018 3430 1041 3477 d.

152 3496 182 3544 de
191 3497 281 3543 Natura
290 3495 429 3541 Fluminum
436 3496 510 3559 (quod
518 3497 655 3555 praeclarum
664 3513 723 3558 opus
731 3506 783 3557 post
848 3497 882 3559 (⁸)
896 3501 908 3527 ⁹
919 3499 985 3544 Num
996 3498 1097 3544 circulm
1105 3498 1130 3544 Ε
1139 3499 1166 3545 F
1174 3507 1209 3545 ert
1216 3502 1251 3546 ad
1262 3502 1381 3548 &ulan
1390 3500 1411 3546 A
1419 3499 1446 3551 B»

152 3562 200 3608 fata
212 3560 298 3607 summi
315 3559 366 3615 viri,
383 3560 468 3606 clariss.
482 3561 564 3608 fratres
577 3562 672 3609 Gabriel
688 3572 712 3609 et
730 3562 782 3608 He·
813 3565 840 3610 in
850 3559 1011 3623 nadduplr'cntd
1026 3563 1115 3609 ratione
1129 3564 1267 3610 umecta·
1285 3567 1303 3614 l
1312 3568 1347 3620 H,
1363 3565 1445 3610 adffl-

151 3626 246 3672 raclitua
258 3623 385 3673 Maniredi.
399 3640 435 3672 an.
450 3629 518 3674 1739.
540 3627 655 3674 Bononia
666 3627 704 3673 edi
715 3641 782 3674 cura·
813 3629 920 3675 tudinem
933 3629 949 3674 1
960 3629 982 3675 G
994 3630 1046 3688 (per
1059 3626 1113 3672 Cor.
1130 3626 1163 3686 1.)
1175 3630 1201 3674 id
1211 3638 1256 3687 eat,
1274 3632 1301 3677 in
1310 3631 1405 3691 aa‘aapla'ci
1412 3643 1446 3673 ra·

151 3692 228 3750 runt.)
264 3689 441 3736 Demonstratio
457 3691 490 3737 sic
505 3700 581 3752 potest
596 3692 689 3753 exponi.
726 3693 783 3746 Quo
814 3695 875 3739 tione
891 3693 972 3738 media
986 3692 1165 3752 proportionalis
1182 3694 1200 3740 1
1212 3694 1240 3745 0.
1259 3697 1293 3740 ad
1309 3696 1445 3742 aarum

152 3764 255 3814 tempore
265 3752 386 3814 cylindrus
395 3770 470 3817 aquae,
487 3757 556 3818 cujus
566 3757 627 3803 basis
637 3755 733 3819 aqualis
749 3766 784 3803 eat
815 3759 832 3804 1
844 3759 874 3811 G,
894 3754 993 3817 ideoque
1006 3755 1097 3801 sactuna
1112 3770 1141 3802 ex
1159 3756 1253 3804 drculn
1266 3759 1291 3804 A
1305 3760 1327 3807 B
1339 3760 1362 3805 ia
1373 3757 1444 3804 altb-

151 3819 260 3865 soramini
273 3819 295 3865 E
310 3818 337 3874 F,
357 3828 381 3865 et
399 3819 499 3866 altitudo
516 3821 539 3866 G
553 3821 565 3867 1
582 3821 606 3867 vi
621 3821 730 3881 ponderis
746 3821 783 3866 sui
815 3820 920 3867 dinem2
935 3820 946 3866 Ι
961 3821 984 3866 0
996 3820 1086 3882 equale
1096 3830 1131 3866 est
1141 3819 1207 3868 iacto
1218 3837 1249 3869 ex
1262 3823 1353 3871 circulo
1364 3822 1386 3870 E
1396 3820 1415 3868 p
1423 3819 1445 3865 ia

151 3884 257 3931 cadendo
272 3883 410 3930 describeret
425 3883 600 3932 altitudineml
615 3887 647 3942 G,
664 3895 688 3933 et
698 3885 782 3932 veloci·
814 3885 963 3932 altitudinem
982 3886 1022 3932 21
1037 3885 1067 3938 G,
1087 3895 1136 3941 aut,
1154 3885 1221 3947 qnod
1239 3887 1306 3935 idern
1321 3897 1364 3943 ast,
1378 3884 1444 3946 tyl'*

143 3957 222 3994 ,tatem
233 3962 300 4010 aquas
309 3948 425 3994 exilientis
432 3950 576 4010 acquireret;
588 3950 671 3997 eodem
680 3961 783 4010 ternpore
815 3950 872 3996 drus
890 3950 959 4011 cujus
977 3949 1037 3996 basia
1055 3958 1091 3995 est
1108 3949 1214 3997 circulus
1237 3951 1262 3999 Ε
1276 3952 1298 4000 1²
1317 3963 1342 3999 at
1355 3947 1444 3998 anab

151 4029 165 4059 e
175 4013 290 4059 toramine
303 4013 325 4059 E
335 4012 356 4058 1²
367 4012 472 4060 efflueret
482 4029 550 4074 squas
560 4015 678 4076 quantitas
688 4015 784 4076 aequalia
816 4020 831 4061 2
844 4015 857 4062 1
868 4015 900 4072 G,
918 4023 1023 4076 equatur
1033 4014 1140 4075 cylindro
1151 4015 1223 4079 cujus
1234 4017 1300 4064 baaia
1310 4026 1345 4065 ast
1354 4013 1443 4064 dadi

150 4077 217 4123 alteri
235 4077 342 4138 cylindro
363 4093 445 4140 aquen,
465 4079 533 4140 cujus
551 4079 612 4126 basis
628 4091 663 4126 est
678 4080 784 4126 foramen
818 4080 841 4126 A
855 4080 912 4126 Bet
922 4078 1022 4125 altitudo
1034 4085 1048 4125 2
1061 4079 1073 4125 l
1088 4079 1120 4126 O.

153 4141 175 4187 E
189 4142 216 4197 F,
234 4152 257 4188 et
273 4140 398 4204 longitudo
409 4146 424 4188 2
438 4143 462 4190 G
474 4142 487 4189 I
501 4146 551 4205 (30.
567 4143 619 4190 Lib.
636 4143 679 4205 1.),
697 4142 721 4190 id
737 4153 780 4201 est,
845 4143 876 4206 (Ι)
890 4149 902 4174 ·
916 4146 1026 4207 AEqaalia
1037 4148 1080 4191 erit
1091 4146 1200 4207 cylindro
1211 4146 1286 4208 cujac
1295 4149 1356 4195 bair
1364 4153 1394 4193 aa
1403 4145 1441 4191 ά·

150 4205 256 4266 cylindro
274 4206 356 4266 prioris
372 4205 460 4266 duplet
479 4217 503 4253 et
520 4205 574 4254 idei
590 4210 620 4254 ob
636 4208 780 4255 velocitatem
813 4213 881 4256 carlus
892 4211 917 4256 A
928 4213 952 4257 B
962 4218 984 4255 et
994 4211 1094 4256 altbudc
1104 4218 1137 4256 ert
1154 4212 1200 4257 21
1211 4213 1248 4259 H.
1288 4210 1379 4260 Eadm
1387 4209 1440 4255 affl

149 4284 221 4330 quam
237 4270 357 4331 cylindrus
373 4287 414 4331 per
429 4271 578 4318 altitudinem
596 4272 609 4319 1
624 4273 654 4328 G,
675 4271 781 4319 cadeudo
812 4288 879 4335 nque
890 4273 1007 4335 quantitas
1017 4273 1100 4320 andern
1111 4284 1220 4334 tempora
1231 4277 1319 4324 transit
1327 4274 1441 4337 pacau-

149 4334 255 4395 acquirit,
283 4336 397 4398 oequalem
419 4335 535 4384 velocitati
561 4352 628 4397 squar
655 4337 779 4394 exilientis,
812 4337 848 4383 los
865 4338 888 4384 A
903 4338 932 4389 B,
951 4348 974 4384 et
992 4337 1015 4384 Ε
1029 4337 1049 4385 F
1064 4342 1107 4401 (27
1111 4337 1136 4399 1)
1153 4350 1179 4386 at
1193 4341 1319 4402 quantitas
1333 4353 1395 4402 aqu·
1406 4347 1440 4396 μ

149 4399 267 4458 quantitas
277 4401 355 4447 metris
365 4401 389 4446 in
399 4401 440 4448 illo
451 4400 556 4462 cylindro
567 4400 590 4446 vi
601 4401 709 4462 ponderis
719 4402 781 4463 ejus·
813 4402 929 4448 circulum
943 4403 964 4447 A
980 4403 1010 4456 B,
1022 4402 1165 4450 transeuntia
1176 4414 1325 4468 comptae
1333 4407 1440 4467 quoa*

150 4461 205 4507 dem
223 4462 322 4523 cylindri
338 4465 425 4527 genita,
446 4465 521 4512 estad
532 4467 685 4527 quantitatem
701 4466 781 4513 motirs
813 4466 918 4513 cadeudo
926 4466 1055 4514 describere
1062 4477 1139 4527 pooeat
1146 4468 1324 4518 altimdinaml
1335 4470 1439 4527 ΙΙΙΡ

149 4526 232 4572 easdem
249 4537 353 4588 tempore
363 4529 389 4575 iu
399 4530 460 4592 aqui
472 4530 581 4577 exiliente
599 4531 738 4590 productam
754 4540 782 4577 ut
814 4531 843 4577 lis
858 4532 902 4578 crit
918 4531 1023 4591 cylindro
1039 4547 1116 4594 aquen
1134 4533 1206 4595 cujus
1222 4535 1288 4583 basia
1303 4543 1338 4582 eat
1353 4529 1441 4580 dd!

152 4595 161 4636 l
181 4589 212 4637 ad
228 4596 251 4637 9.
288 4593 334 4639 Sed
354 4594 413 4641 viras
430 4595 559 4641 uniformes
577 4595 663 4657 quibus
682 4594 782 4656 cylindri
816 4596 839 4642 A
855 4596 912 4643 Bet
923 4596 1050 4643 alurudoa
1063 4596 1076 4643 Ι
1089 4596 1117 4643 Η
1130 4599 1185 4660 (80.
1200 4599 1258 4648 Lib.
1274 4600 1318 4659 Ι.)-

148 4655 254 4702 cadentis
271 4666 295 4702 at
313 4672 381 4719 aquae
398 4659 514 4706 exilientis
531 4672 611 4705 mutua
631 4669 781 4720 generantur,
847 4660 883 4720 (⁸)
896 4664 910 4690 ⁸
925 4664 954 4708 Id
965 4671 1005 4717 eat,
1016 4678 1079 4724 aqua
1090 4671 1148 4709 tcta.
1179 4663 1245 4711 Nana
1256 4680 1288 4712 ax
1297 4665 1327 4712 iia
1336 4678 1387 4726 qu
1396 4667 1442 4707 U

147 4729 204 4766 aunt
215 4731 242 4766 ut
252 4719 331 4766 motirs
342 4723 483 4783 quantitates
493 4722 575 4770 eodem
587 4733 692 4783 tempore
703 4739 718 4769 a
729 4724 783 4769 viri-
815 4739 863 4771 caa.
878 4731 899 4771 1.
913 4724 975 4771 dicta
987 4736 1050 4779 sunt,
1066 4725 1223 4775 manifestum
1234 4739 1272 4777 eat
1281 4743 1365 4791 ηοω
1380 4733 1442 4773 υ-

148 4784 194 4829 bus
213 4784 259 4831 illia
274 4784 361 4846 genitae
374 4788 425 4847 (15.
440 4786 494 4835 Lib.
512 4788 555 4848 1.).
593 4788 673 4842 Quare
690 4788 784 4847 pondus
815 4789 927 4848 praedicto
946 4789 1022 4836 solido
1039 4800 1186 4849 centenum,
1206 4809 1250 4854 pt
1268 4794 1372 4842 farm
1390 4783 1442 4837 ΕΙ

147 4848 247 4908 cylindri
262 4863 338 4911 aqua,
357 4850 426 4913 cnjus
436 4852 498 4899 baala
508 4867 543 4899 ast
553 4853 661 4900 foramen
678 4852 702 4900 E
717 4853 743 4911 F,
760 4862 784 4900 et
815 4853 900 4900 Mam
910 4862 1015 4914 tenpore
1026 4853 1131 4913 effluere,
1148 4871 1200 4920 quo
1210 4874 1281 4921 aqna
1290 4870 1358 4922 gurra
1367 4855 1441 4916 rip
