3202 5446
154 447 194 503 tt
479 432 818 502 PHILOSOPHIAE
841 432 1114 500 NATURALIS
1199 431 1346 508 [Anon.
1367 447 1439 493 srva

151 611 260 676 eadem
285 634 357 698 quoe
377 610 516 695 eorporis
531 609 669 687 solitarii,
691 607 794 696 quoad
816 609 1077 693 perseverantiam
1102 608 1135 670 in
1159 618 1241 671 statu
1265 617 1372 671 motus
1391 605 1441 666 vel

151 719 271 805 quietis.
317 717 426 783 Motus
438 718 522 782 enim
530 717 744 804 progressivus
759 739 815 780 seu
824 716 963 801 corporis
979 715 1107 780 solitarii
1118 737 1175 780 seu
1184 712 1361 800 systematis
1371 732 1441 777 om·-

149 848 263 911 porum
277 848 318 891 ex
331 838 419 889 motu
433 825 532 889 oeutri
545 824 703 913 gravitatis
718 824 863 888 muman
878 845 1002 909 semper
1014 822 1116 887 debet.

591 1068 942 1137 COROLLARIUM
964 1068 1004 1134 V.

153 1223 188 1309 (²)
205 1223 365 1304 Corporum
390 1222 462 1282 doto
475 1218 573 1300 spatio
588 1219 761 1280 indsuorwu
776 1218 862 1283 iidem
877 1226 945 1280 scunt
958 1226 1049 1280 motus
1063 1217 1142 1280 inter
1164 1236 1205 1292 se,
1230 1216 1292 1279 sine
1309 1214 1441 1298 pasius

194 1331 270 1393 illud
292 1331 430 1413 quiescat,
459 1330 520 1392 sinc
534 1337 681 1391 moueatur
695 1328 770 1390 idem
790 1327 974 1411 uufformt'ter
988 1328 1021 1389 in
1035 1327 1174 1391 directam
1187 1327 1251 1390 sine
1275 1334 1357 1389 motu
1378 1325 1440 1389 cis»

194 1439 301 1501 uchri.

195 1623 278 1688 Nam
302 1621 485 1686 differentiae
496 1632 637 1683 motuum
662 1619 856 1684 tendentium
871 1620 911 1684 ad
934 1619 1065 1685 eandem
1090 1631 1222 1704 putem,
1248 1631 1281 1683 et
1305 1641 1440 1684 summa

150 1729 344 1795 tendentium
369 1728 409 1792 ad
435 1727 614 1805 contrarias,
639 1727 759 1792 eaedem
785 1741 857 1792 sunt
882 1729 940 1793 sub
964 1727 1053 1791 initio
1077 1727 1110 1791 in
1129 1739 1262 1813 utroque
1285 1749 1363 1791 casu
1384 1731 1440 1814 (ex

150 1837 327 1925 hypothesi)
350 1849 382 1900 et
396 1857 436 1900 ex
450 1833 499 1898 his
514 1835 643 1898 summis
658 1835 706 1898 vel
729 1833 908 1899 differentiis
938 1835 1080 1898 oriuntm
1094 1856 1279 1922 congressus
1293 1845 1327 1899 et
1333 1834 1441 1920 impe-

149 1957 198 2010 tus
213 1945 324 2033 quibus
340 1965 472 2027 corpora
487 1965 520 2006 se
535 1954 643 2005 mutuo
658 1941 781 2005 feriunt
827 1942 913 2030 Ergo
926 1964 984 2027 per
999 1942 1120 2031 Legem
1133 1952 1181 2007 ll.
1195 1941 1331 2028 oequnles
1346 1954 1440 2007 erunt

147 2073 371 2140 congressuum
386 2049 513 2114 effectus
528 2049 561 2111 in
576 2060 708 2134 utroque
722 2071 813 2125 cnsu3
836 2061 868 2112 et
880 2061 1047 2135 propterea
1056 2049 1226 2115 manebunt
1235 2064 1340 2114 motus
1357 2050 1440 2114 inter

148 2161 229 2224 sein
244 2181 308 2222 uno
333 2180 407 2221 casu
421 2155 556 2242 aequules
576 2155 710 2219 motibus
736 2156 816 2220 inter
831 2181 864 2221 se
887 2157 920 2220 in
945 2158 1053 2223 altero.
1098 2157 1187 2223 Idem
1212 2157 1436 2243 comprobatur

149 2341 178 2372 es
190 2323 253 2370 hisee
264 2321 399 2383 sorponpm
407 2321 431 2366 in
441 2335 485 2367 suo
492 2319 611 2384 gravitatis
618 2329 699 2368 centro
709 2337 776 2369 coac·
807 2323 925 2386 pingeret3
942 2339 1026 2386 eorpus
1044 2323 1109 2371 enim
1129 2324 1165 2380 Μ,
1184 2323 1210 2371 in
1220 2337 1252 2378 m,
1268 2336 1319 2371 nou
1334 2324 1438 2389 sgitpoe

149 2399 173 2437 ta
184 2387 242 2451 fingi
249 2396 346 2446 possunt
355 2387 395 2449 (er
404 2384 488 2446 Deos.)
500 2400 527 2431 ac
538 2382 635 2446 proinde
643 2386 715 2432 trium
723 2387 777 2446 plu·
808 2388 955 2436 velocitatem
965 2403 986 2445 c,
1002 2389 1096 2451 utrique
1113 2388 1203 2449 corpsni
1220 2403 1379 2446 communen.
1396 2391 1438 2440 sed

149 2454 240 2500 riuum
259 2465 384 2511 oorpomm
399 2459 442 2496 sut
462 2449 532 2496 cuam
548 2449 653 2512 ejusdem
674 2451 776 2512 eorporis
807 2467 849 2513 per
858 2453 932 2500 solam
943 2452 1093 2501 velocitatum
1103 2453 1258 2501 diffmendam
1270 2452 1291 2502 C
1301 2453 1337 2520 †
1348 2468 1435 2511 c-e‚

148 2518 251 2580 partium
263 2526 363 2576 systema
373 2513 513 2561 adduorum
524 2513 638 2561 duntaxat
652 2529 776 2576 corporum
807 2532 849 2565 seu
863 2518 895 2576 (ἶ,
912 2519 963 2564 hec
981 2528 1062 2565 sutem
1077 2517 1207 2566 differentia
1216 2527 1251 2565 est
1261 2517 1362 2578 ipssmm
1370 2519 1435 2568 selo·

149 2591 250 2645 systema
256 2578 384 2637 reducitur,
397 2577 576 2643 ergdquantites
584 2578 662 2626 motlls
670 2595 776 2642 progres-
808 2581 866 2629 citss
875 2581 922 2644 qui
932 2598 1017 2643 corpus
1028 2583 1066 2640 M,
1083 2582 1108 2629 in
1118 2581 1184 2630 aliud
1195 2597 1226 2637 m.
1244 2581 1368 2644 quiessem
1376 2584 1435 2649 egit.

148 2643 773 2704 siriseuoorporissolitsriiseusystematisoorporurn,
808 2645 886 2692 Iidem
902 2646 959 2710 ergo
975 2655 1191 2710 eruntcougressas
1205 2645 1342 2708 acptoindi
1357 2663 1436 2713 aqu·

148 2720 256 2758 eamotu
267 2706 664 2771 cennigrasitstisastimaridebet.
677 2709 737 2764 αι.
748 2709 772 2755 d.
807 2709 841 2757 les
851 2726 1018 2774 congressumn
1033 2711 1131 2759 eti'ectus
1147 2711 1173 2758 in
1191 2720 1291 2774 utroque
1307 2726 1365 2761 usu
1383 2718 1438 2779 (pc

181 2781 220 2824 72
235 2777 315 2824 cursu
331 2777 350 2819 1.
364 2771 604 2820 ,...Sidiffeoentis
620 2773 777 2835 quantitatum
808 2777 850 2838 leg.
864 2776 941 2836 2)‚et
959 2777 1438 2839 propteresmsnebuntmotusteqtestivl

148 2839 227 2887 motus
242 2837 772 2898 vmsdspertesooutrarissinsystemateoor-
803 2838 1065 2902 inunocasuasquales
1082 2840 1185 2888 motibus
1200 2838 1334 2901 mentiris
1348 2855 1433 2905 cupo-

148 2919 233 2966 porum
254 2904 283 2951 sit
305 2902 378 2949 nihilo
399 2901 499 2964 equalis
522 2917 648 2948 oornmuue
668 2911 776 2949 oentnsm
807 2918 860 2950 rum
879 2905 904 2951 in
920 2904 1008 2962 altero;
1025 2905 1044 2951 si
1062 2914 1142 2952 autem
1157 2913 1236 2952 motus
1250 2904 1437 2957 οἰκιὼώιιιί

147 2965 776 3094 ι’·ἪωΜιιώ
806 2967 983 3096 inim
993 2968 1437 3099 mensuum

181 3103 220 3146 tt.
241 3099 319 3147 Coroll.
339 3102 361 3143 9.
375 3128 382 3142 .
451 3096 533 3141 Motus
547 3095 677 3156 systematis
695 3110 776 3157 corpo-
808 3097 918 3154 letentur.

148 3177 203 3210 nun
221 3162 246 3209 in
267 3160 360 3224 plagam
375 3159 454 3206 datam
464 3160 567 3213 babetur.
584 3159 686 3206 uocaui
698 3161 776 3222 gravi-
839 3163 874 3227 (⁸)
893 3167 931 3212 75·
950 3163 993 3210 Vis
1009 3161 1157 3210 scoelmuix
1175 3161 1301 3227 gravitatis.
1317 3162 1368 3228 qni
1385 3178 1438 3215 ox·

149 3227 202 3274 tatis
218 3235 297 3273 motus
311 3225 336 3271 in
354 3224 414 3271 duos
431 3234 510 3270 motus
524 3223 658 3279 resolvatur,
675 3239 776 3286 quorum
807 3241 852 3286 pus
872 3227 898 3273 in
919 3227 990 3287 plano
1010 3226 1041 3274 ad
1061 3227 1205 3275 horizontem
1230 3226 1344 3276 inclitum
1367 3226 1437 3293 hd

149 3306 212 3339 unus
222 3292 248 3337 in
266 3289 361 3351 plagam
378 3291 457 3335 meam
473 3287 593 3351 dirigatur,
610 3286 667 3334 alter
678 3287 732 3335 vero
747 3288 777 3335 sit
807 3291 871 3353 plani
882 3291 1032 3338 dimotionem
1043 3300 1148 3353 urgetur,
1165 3302 1201 3338 est
1215 3290 1245 3338 ad
1255 3290 1305 3338 rim
1314 3292 1437 3356 gradu&

149 3355 192 3416 ipsi
220 3353 429 3415 perpendicularis3
453 3367 509 3398 nsm
534 3366 627 3398 summa
652 3367 777 3413 corporum
807 3356 990 3404 scaeleratricem
1007 3355 1054 3418 qui
1069 3354 1199 3405 mundun
1210 3354 1439 3409 ᾱίωαίοινειιιΙιαι-

149 3419 220 3467 ducta
240 3419 265 3465 in
292 3417 436 3464 velocitatem
457 3416 530 3463 oentri
551 3417 670 3478 gravisus
695 3432 775 3463 versus
806 3422 869 3469 sonti
886 3418 1102 3482 perpendicularem
1123 3418 1267 3475 sollicitam,
1284 3428 1314 3468 ut
1335 3420 1439 3472 altitsffl

150 3483 229 3531 &tam
247 3483 398 3530 directionem
416 3481 511 3540 exponit
527 3481 680 3543 quantitatem
697 3480 776 3527 motiis
806 3486 870 3548 plani
888 3484 918 3533 sd
936 3484 1010 3545 ipsius
1030 3482 1255 3547 longitudinem...
1269 3486 1355 3535 -nm
1367 3515 1374 3529 -
1386 3513 1415 3536 ..
1426 3518 1437 3535 .

152 3550 224 3595 totius
242 3547 372 3609 systematis
390 3547 416 3592 iu
434 3547 532 3592 eandem
551 3557 641 3606 partem
657 3545 777 3609 progredi·

150 3612 217 3659 entis

183 3677 215 3741 (t)
233 3682 270 3725 74.
292 3676 317 3723 Si
334 3674 388 3721 nari
404 3673 535 3738 quiescenti
553 3673 638 3736 inqui
654 3675 776 3722 continen-

150 3753 190 3789 tur
210 3756 306 3802 corpora
328 3740 395 3785 variis
415 3736 518 3785 motibus
536 3739 628 3801 agitata,
652 3750 731 3786 motus
751 3741 777 3786 in

150 3805 265 3853 directum
277 3803 396 3868 saqusbilis
406 3804 559 3864 imprimatur,
576 3803 655 3850 omnis
665 3804 715 3850 hac
725 3820 776 3851 oor.

150 3885 206 3930 pots
218 3870 282 3917 navis
293 3868 437 3917 velocitatem
456 3867 522 3929 eque
538 3868 676 3929 participent
688 3871 740 3931 (leg.
754 3875 774 3916 l.

151 3934 196 3993 2.),
213 3933 317 3996 adeoque
327 3932 427 3995 singulis
437 3932 571 3993 corporibus
581 3931 675 3979 additur
685 3933 710 3978 in
721 3948 776 3979 ean.

151 3998 205 4044 desn
215 3999 310 4061 plagam
321 3996 417 4060 equalis
427 3996 541 4050 velocitas,
553 4011 580 4043 ac
591 3996 688 4058 proinde
698 4008 778 4045 motus

151 4063 204 4109 navi
223 4063 347 4123 impressus
362 4062 499 4121 respectiaas
509 4075 631 4120 corporum
643 4061 777 4108 velocitates

150 4141 199 4172 non
219 4137 306 4184 mutat;
332 4141 403 4188 quare
424 4122 561 4172 differentia·
583 4125 730 4172 velocitatum
752 4127 777 4173 in

150 4192 284 4250 corporibus
297 4189 389 4253 quaed
407 4189 506 4236 eandem
524 4199 612 4250 partem
629 4191 736 4243 tendunt,
754 4201 778 4238 et

150 4271 249 4302 summae
259 4256 408 4303 volocitatum
418 4254 443 4300 in
455 4254 588 4313 oorponbus
598 4270 650 4316 quae
661 4254 691 4301 sd
701 4266 778 4314 partes

151 4321 276 4366 contrarias
292 4319 397 4371 madunt.
415 4317 504 4365 eedem
513 4328 609 4364 nunant
620 4319 674 4365 auti
685 4329 710 4366 et
724 4329 777 4379 post

150 4395 241 4430 motum
253 4385 305 4430 navi
316 4384 466 4444 impressum
482 4381 522 4429 sed
540 4397 569 4429 ea
586 4383 621 4428 his
631 4384 729 4430 summis
740 4383 776 4430 vel

149 4444 286 4494 differentiis
295 4464 348 4510 quse
359 4458 414 4495 sunt
429 4447 561 4508 respective
577 4462 701 4508 corporum
712 4448 775 4494 velo-

149 4512 237 4566 citates,
254 4512 362 4558 oriuntur
380 4527 517 4575 congressus
534 4522 557 4557 et
579 4511 638 4557 ictus
652 4513 775 4573 magnitu-

149 4578 215 4623 dines
232 4579 316 4638 quibus
327 4592 423 4636 corpora
436 4592 461 4623 se
479 4574 563 4622 mutuo
575 4576 672 4633 feriunt;
689 4592 744 4623 nam
755 4577 776 4623 si
797 4571 827 4636 C

149 4657 234 4701 eorpus
250 4640 345 4704 aliquod
366 4642 400 4695 Μ,
421 4640 542 4687 velocitate
555 4640 582 4694 C,
595 4641 620 4685 in
631 4656 715 4702 corpus
724 4642 778 4703 qui·

148 4722 229 4753 emens
244 4721 277 4760 m,
294 4706 403 4758 incurrat
420 4705 502 4751 eadem
520 4714 555 4751 est
571 4704 630 4751 icttls
640 4705 781 4768 magnitudo

148 4786 175 4816 sc
186 4771 205 4817 si
217 4771 310 4834 utrique
320 4769 409 4830 corpori
420 4784 480 4816 nova
491 4768 627 4824 velocitate,
640 4769 664 4815 in
676 4769 774 4816 eandem
808 4770 900 4818 Globus
923 4772 953 4824 G.
971 4772 1042 4832 plano
1069 4773 1087 4818 Α
1112 4772 1140 4824 C,
1158 4771 1188 4819 sd
1207 4770 1354 4819 horim
1375 4772 1401 4823 0
1413 4774 1441 4828 R

148 4846 238 4895 partem
248 4833 374 4888 accederet,
391 4843 415 4880 et
431 4848 515 4893 oorpus
534 4834 569 4886 Μ,
586 4848 641 4881 curn
652 4835 772 4882 velocitate
804 4837 915 4883 inclinato
929 4837 1060 4893 incumbam
1078 4851 1106 4882 er
1121 4838 1152 4891 Α,
1170 4836 1199 4883 ad
1212 4834 1357 4883 coementem
1370 4838 1394 4887 C
1407 4836 1441 4889 Bt

150 4900 170 4946 C
183 4902 215 4963 4
228 4916 248 4955 c,
265 4904 291 4949 in
309 4914 436 4959 empnam,
453 4898 572 4946 velocitate
589 4914 610 4958 c,
627 4909 720 4947 motum
729 4899 774 4946 im·
806 4899 944 4950 demittatur
951 4899 1145 4962 perpendiculum
1155 4903 1178 4949 A
1193 4901 1223 4956 Β,
1235 4908 1260 4948 et
1269 4914 1299 4948 ex
1310 4910 1397 4952 oum
1406 4902 1441 4963 D,
