3202 5446
113 494 221 558 crasa
240 499 401 573 secura]
447 490 686 556 Pnrncrrrn
719 467 1091 554 uernanlnca
1329 494 1385 557 715

110 664 171 756 qui
187 666 301 731 lineola
317 666 345 730 Ε
361 666 394 731 G
410 667 443 728 in
457 665 533 728 locis
548 665 611 728 suis
628 665 703 728 Pet
719 664 742 728 S
757 677 896 749 urgetur,
919 675 967 727 est
981 662 1022 726 ad
1037 661 1158 726 lineolae
1173 662 1256 726 illius
1270 661 1395 747 pondus

110 777 253 844 utHK
278 774 459 851 andV
481 789 509 839 ’Χ
534 773 622 850 EG,
648 774 711 837 sive
732 785 768 835 ut
790 771 958 841 PoxA
980 771 1021 835 ad
1044 770 1129 848 VV,
1153 770 1193 856 (θ)
1213 792 1286 833 uam
1309 769 1396 834 HK

110 898 176 948 erat
190 881 230 946 ad
247 881 320 946 EG
335 894 369 945 ut
386 880 455 945 ΡΟ
469 879 510 943 ad
525 879 566 943 V.
611 879 719 955 Quare
734 876 806 941 crim
822 889 973 960 tempora,
990 877 1103 962 quibus
1117 875 1250 962 requalia
1264 897 1397 960 corpora

108 1016 166 1079 per
186 994 318 1080 aequalia
338 992 437 1077 spatia
462 989 674 1074 impelluntur,
706 989 769 1053 sint
798 989 835 1072 (θ)
858 985 1016 1071 reciproce
1045 987 1078 1050 in
1107 983 1322 1068 subduplicattl
1344 1006 1395 1047 ra·

109 1107 194 1171 tione
217 1107 339 1183 virium,
367 1106 425 1168 erit
447 1116 569 1186 tempus
593 1101 773 1165 vibrationis
796 1098 897 1175 unius,
925 1112 1057 1185 urgente
1072 1097 1102 1160 vi
1122 1095 1174 1159 illt
1196 1095 1331 1172 elasrjct,
1354 1095 1396 1159 ad

109 1230 233 1301 tempus
249 1213 441 1289 vibrationis‚
459 1223 590 1297 urgente
605 1209 634 1273 vi
649 1207 806 1293 ponderis,
828 1207 861 1269 in
876 1206 1094 1289 subduplicata
1114 1207 1235 1270 ratione
1257 1205 1287 1268 V
1303 1205 1333 1267 V
1354 1204 1396 1268 ad

111 1325 186 1391 ΡΟ
203 1344 228 1394 >t
248 1325 289 1401 A,
314 1321 348 1408 (f)
364 1335 457 1407 atque
471 1318 542 1382 idcir
557 1318 597 1382 ad
610 1330 734 1402 tempus
748 1316 949 1381 oscillationis
971 1314 1099 1400 penduli
1122 1316 1209 1399 cujus
1231 1312 1396 1401 longitudo

109 1449 156 1500 est
170 1438 201 1499 A
216 1437 249 1498 in
263 1429 478 1516 subduplicatti
500 1429 620 1493 ratione
637 1428 666 1490 V
682 1427 712 1490 V
727 1427 768 1490 ad
785 1426 860 1491 ΡΟ
877 1444 902 1494 >t
921 1429 962 1504 A,
986 1439 1018 1490 et
1040 1424 1253 1511 subduplicatti
1276 1425 1396 1488 ratione

111 1544 140 1608 P
156 1542 188 1607 Ο
202 1542 243 1605 ad
259 1543 290 1604 A
304 1536 494 1623 conjunctim
503 1559 512 1611 ;
536 1535 570 1598 id
585 1548 641 1611 est,
664 1535 697 1597 in
719 1534 839 1598 ratione
855 1532 975 1620 integri
991 1533 1021 1595 V
1036 1532 1076 1596 ad
1092 1535 1132 1596 A.
1178 1534 1241 1599 Sed
1256 1545 1397 1616 tempore

109 1649 289 1713 vibrationis
304 1646 395 1710 unius
411 1665 451 1708 ex
466 1643 511 1705 itu
526 1654 558 1706 et
572 1641 674 1705 reditu
689 1641 880 1725 compositae,
896 1639 1005 1724 pulsus
1020 1638 1252 1726 progrediendo
1267 1638 1396 1702 conficit

108 1757 303 1822 latitudinem
319 1780 406 1821 suam
424 1758 452 1821 B
465 1759 502 1823 C.
537 1758 625 1846 Ergo
639 1772 773 1842 tempus,
790 1779 853 1844 quo
866 1756 976 1842 pulsus
991 1755 1145 1841 percurrit
1160 1755 1295 1840 spatium
1313 1755 1341 1818 B
1356 1754 1395 1831 C,

110 1866 150 1950 (¹)
166 1877 214 1928 est
228 1862 268 1927 ad
284 1877 407 1949 tempus
429 1864 627 1928 oscillationis
648 1866 741 1928 unius
755 1887 794 1927 ex
809 1865 854 1928 itu
870 1878 902 1928 et
923 1863 1024 1927 reditu
1046 1863 1239 1946 compositae,
1262 1876 1297 1927 ut
1311 1862 1342 1925 V
1356 1862 1398 1926 ad

110 1973 153 2049 A,
171 1971 210 2056 (l)
223 1971 255 2035 id
270 1986 327 2049 est,
344 1984 379 2035 ut
395 1972 424 2035 B
438 1972 465 2036 C
481 1973 521 2036 ad
536 1972 814 2036 circumferentiam
830 1970 938 2035 circuli
949 1973 1037 2056 cujus
1049 1970 1154 2035 radius
1167 1983 1214 2035 est
1225 1974 1266 2035 A.
1300 1971 1398 2036 Tem·

109 2102 169 2166 pus
184 2093 297 2156 autem,
314 2101 376 2163 quo
391 2077 499 2163 pulsus
514 2092 676 2165 percurret
690 2080 824 2163 spatium
841 2079 870 2142 B
884 2079 922 2155 C,
938 2091 984 2142 est
999 2078 1039 2142 ad
1053 2092 1176 2163 tempus
1191 2101 1255 2164 quo
1269 2099 1397 2163 percur-

109 2199 160 2252 ret
185 2185 413 2273 longitudinem
438 2185 512 2248 huic
539 2185 798 2250 circumferentiae
822 2186 984 2272 aequalem,
1013 2183 1051 2269 (¹¹)
1067 2185 1099 2247 in
1125 2184 1234 2249 eddom
1259 2186 1397 2263 ratione3

109 2294 243 2380 ideoque
269 2307 409 2377 tempore
431 2293 501 2357 talis
523 2293 724 2358 oscillationis
748 2291 857 2378 pulsus
885 2304 1047 2378 percurret
1075 2291 1304 2379 longitudinem
1324 2293 1398 2357 huic

111 2405 369 2469 circumferentiae
384 2403 546 2489 aequalem.
591 2404 634 2480 Q.
651 2427 678 2468 e.
694 2403 725 2467 d.

157 2512 254 2575 Corol.
273 2519 301 2574 l.
335 2509 494 2575 Velocitas
515 2508 663 2594 pulsuum
679 2532 716 2574 ea
730 2519 787 2586 eat,
814 2530 908 2596 quarn
923 2507 1088 2592 acquirunt
1108 2505 1216 2593 gravia
1237 2506 1399 2591 [equaliter

110 2619 282 2684 accelerato
296 2633 384 2684 motu
406 2619 558 2698 cadeudo,
585 2633 617 2685 et
638 2643 712 2684 casu
734 2643 792 2684 cuo
814 2619 1020 2684 describendo
1043 2618 1207 2683 dimidium
1229 2617 1399 2682 altitudinis

111 2730 153 2793 A.
199 2728 282 2792 Nam
297 2743 438 2813 tempore
453 2751 543 2793 casus
558 2729 660 2814 hujus,
685 2744 756 2792 cum
770 2728 933 2792 velocitate
949 2727 1091 2791 cadendo
1106 2729 1266 2812 acquisiti,
1289 2728 1398 2812 pulsus

110 2848 273 2921 percurret
287 2838 421 2920 spatium
437 2835 470 2919 (¹)
487 2835 573 2920 quod
588 2837 647 2899 erit
661 2835 781 2921 aequale
795 2837 853 2898 toti
868 2833 1024 2898 altitudini
1041 2837 1089 2910 A;
1111 2834 1243 2919 idedque
1258 2849 1399 2919 tempore

112 2941 313 3006 oscillationis
335 2942 427 3004 unius
442 2962 485 3004 ex
499 2942 545 3003 itu
560 2953 592 3004 et
605 2941 708 3004 reditu
729 2940 909 3024 compositae
933 2952 1097 3025 percurret
1122 2941 1256 3024 spatium
1280 2940 1399 3027 aequale

111 3045 369 3111 circumferentiae
394 3045 502 3109 circuli
527 3045 616 3109 radio
631 3047 662 3110 A
677 3044 842 3130 descripti:
867 3046 914 3131 (¹¹¹)
930 3058 978 3109 est
993 3046 1076 3109 enirn
1098 3058 1222 3129 tempus
1246 3047 1336 3111 casirs
1358 3049 1399 3112 ad

111 3170 234 3240 tempus
248 3155 448 3219 oscillationis
463 3169 498 3219 ut
513 3155 617 3220 radius
632 3154 739 3220 circuli
754 3156 794 3220 ad
809 3156 947 3242 ejusdem
963 3156 1253 3222 circumferentiam.

146 3373 179 3434 (⁴)
193 3375 206 3401 '
220 3376 286 3421 Num
298 3375 327 3421 H
337 3377 417 3422 A'erct
433 3379 464 3423 ud
481 3377 506 3424 Ε
517 3377 540 3425 G
551 3385 577 3425 ut
591 3380 614 3426 P
626 3377 645 3425 0
660 3380 692 3425 nd
712 3380 739 3434 V,
772 3376 831 3425 tudo
845 3382 875 3435 A,
887 3378 947 3426 datia
958 3379 1030 3426 medii
1041 3378 1155 3428 densitate
1166 3390 1190 3429 et
1201 3383 1223 3427 vi
1234 3382 1396 3437 claricitat.

113 3438 138 3482 in
150 3436 211 3482 dem.
229 3437 297 3498 Prop.
315 3438 428 3486 XLVII.
773 3453 807 3489 cet
818 3453 845 3489 ut
855 3444 956 3502 spatium
972 3445 992 3491 B
1006 3445 1026 3492 C
1042 3446 1072 3492 ad
1088 3445 1166 3493 datam
1183 3448 1336 3507 peripheriam
1352 3449 1397 3495 cir-

146 3501 182 3562 (‘)
201 3505 213 3531 ⁸
232 3505 284 3549 Sint
302 3505 413 3564 reciproce
431 3507 456 3552 in
475 3504 634 3566 subduplicctd
653 3509 741 3554 ratione
773 3505 821 3554 culi
832 3506 897 3555 ndio
911 3511 932 3554 A
945 3507 1068 3569 descripti3
1080 3509 1161 3572 liquet,
1172 3511 1235 3573 quod
1242 3523 1398 3575 tempusquo

113 3569 207 3613 virium
240 3565 309 3613 Putet
320 3581 361 3626 per
373 3568 427 3615 Cor.
440 3574 464 3616 ³.
480 3568 550 3631 Prop.
565 3568 667 3617 xxlv.
682 3569 737 3618 Lib.
771 3570 855 3631 pulsus
865 3573 978 3632 percurrit
988 3573 1088 3634 spetlum
1103 3573 1163 3630 Bc,
1175 3586 1217 3622 aut
1227 3575 1306 3623 eadem
1316 3576 1397 3623 celeri·

115 3630 206 3724 bvij.
316 3697 321 3708 ι
352 3695 359 3711 .
772 3645 820 3682 tate
830 3647 974 3712 percurreret
983 3637 1061 3713 dutap
1078 3639 1229 3714 pcnppefim
1241 3640 1321 3715 circuli
1332 3640 1398 3688 redIo

115 3693 742 3825 Atrltttlitmfftritttr
775 3698 1398 3829 ldtltr.5⁰tt.“t.tti¹¹’.ttttt”tt“.tt

117 3819 289 3878 demonamtis)
306 3833 399 3898 tempur
414 3825 486 3871 uniuc
496 3826 629 3873 vocationis
640 3827 741 3887 particu-
776 3828 798 3875 B
811 3827 840 3884 C,
856 3839 891 3875 ert
901 3828 931 3875 ad
942 3840 1035 3891 ternpus
1045 3830 1195 3878 oscillationia
1206 3832 1278 3878 unius
1287 3847 1316 3879 ex
1328 3834 1362 3880 itu
1374 3843 1398 3880 et

116 3884 146 3933 ln
159 3885 182 3932 Ε
197 3885 223 3960 F,
236 3897 333 3960 urgente
344 3903 366 3933 rr
378 3889 485 3947 ponderir
495 3889 576 3950 ipsius,
596 3901 632 3936 eet
641 3890 672 3937 ud
682 3903 741 3938 tem·
773 3890 849 3939 reditu
860 3893 993 3954 compotita
1003 3894 1098 3955 penduli
1110 3898 1178 3957 cujua
1188 3894 1227 3942 lon
1246 3896 1355 3945 'tudoeet
1364 3898 1396 3949 A.

117 3963 162 4009 put
172 3949 321 3997 oscillationis
332 3952 428 4012 penduli
439 3953 506 4000 cu'uc
522 3953 646 4017 longitudo
656 3965 692 4003 cet
709 3956 741 4012 A,
773 3967 801 4003 ut
816 3969 908 4016 tempus
923 3972 971 4019 quo
990 3959 1071 4019 pulsus
1087 3960 1200 4020 percurrit
1216 3959 1224 4006 i
1255 3976 1279 4006 m
1295 3961 1398 4022 apetium

117 4013 142 4058 in
151 4014 312 4073 subduplicati
323 4017 411 4063 ratione
424 4017 446 4064 P
457 3968 480 4064 d
491 4018 521 4064 ad
535 4021 565 4064 A.
776 4020 798 4067 B
816 4020 844 4074 C,
867 4019 896 4067 ad
916 4032 1008 4082 tempus
1024 4038 1072 4086 quo
1093 4024 1206 4084 percurrit
1227 4023 1398 4087 longitudinem

150 4077 185 4140 (Ι)
200 4081 212 4106 ·
226 4081 269 4126 Est
286 4083 317 4127 cd
333 4090 422 4143 tenum
434 4084 579 4131 annutante
591 4084 662 4131 anim
673 4099 699 4130 er
708 4084 742 4132 itu
774 4083 887 4146 equdem
898 4085 1090 4134 circumferentia
1105 4087 1185 4135 circuli
1196 4088 1264 4150 cujus
1275 4089 1399 4137 rediment

117 4151 139 4188 et
150 4145 225 4190 redita
240 4147 372 4206 comperite,
389 4144 486 4206 panduli
496 4147 565 4210 cujus
576 4145 699 4210 longitudo
708 4157 744 4195 cet
777 4152 817 4206 A;
839 4147 938 4213 ideoque
956 4160 1059 4212 ternpore
1078 4150 1129 4198 talia
1148 4152 1296 4200 oscillationic
1317 4152 1399 4213 pulsus

121 4209 176 4299 A.»
203 4274 214 4299 ι
395 4278 402 4300 ι
463 4277 468 4286 Ι
612 4277 617 4288 ¹
680 4278 685 4289 ι
739 4279 745 4289 .
776 4225 894 4273 percurret
925 4213 1096 4278 longitudinem
1125 4216 1180 4264 huic
1206 4216 1399 4265 circumferentia

118 4272 189 4396 alul
196 4273 373 4383 midl'liiual
383 4277 744 4400 ‘ffl'fflfflffl
776 4276 947 4405 mppgmm
963 4346 1006 4391 era
1021 4345 1108 4407 aquare
1126 4347 1167 4394 ort
1182 4347 1299 4394 namins·
1310 4350 1333 4394 A
1345 4348 1396 4411 (ao

122 4397 250 4458 XLVII.)
261 4409 310 4446 ent
323 4400 345 4445 V
356 4401 434 4447 radius
444 4401 525 4449 circuli
536 4401 745 4451 circumferentiam
779 4405 831 4453 Lib.
848 4405 883 4466 1.)

119 4461 226 4509 habentis
241 4461 356 4524 :qualern
373 4464 495 4512 intervallo
507 4466 529 4513 B
543 4466 578 4523 (ξς
595 4465 659 4514 unde
669 4477 704 4515 eat
722 4469 745 4513 V
810 4469 850 4533 (¹¹²)
864 4474 876 4500 ⁰
890 4472 933 4518 Eat
948 4474 1010 4520 enin
1026 4480 1115 4534 tempru
1129 4472 1203 4531 mdc,
1220 4489 1262 4535 per
1277 4473 1399 4522 dirnirliuur

119 4527 149 4573 ed
164 4529 185 4572 A
199 4526 259 4573 utB
273 4527 292 4573 C
308 4526 338 4573 td
355 4528 565 4577 circumferentium
581 4530 662 4578 circuli
678 4533 746 4596 cuju·
776 4532 924 4582 altitudinem
938 4538 958 4581 A
971 4535 1002 4582 ud
1012 4545 1105 4594 tempu·
1119 4538 1269 4586 occillationir
1284 4539 1356 4586 unius
1370 4554 1399 4585 er

120 4591 198 4637 reditus
209 4601 244 4638 ert
257 4592 287 4637 A.
777 4597 827 4644 tolo
842 4597 885 4654 itu.
902 4598 938 4646 rel
954 4599 1004 4646 eolo
1020 4599 1096 4647 reditu
1106 4603 1239 4659 constantia,
1251 4612 1278 4650 ut
1288 4602 1397 4651 diameter
1505 4648 1510 4657 ,

153 4653 189 4716 (ἱ)
208 4660 220 4684 ·
240 4659 270 4703 ln
287 4653 369 4730 ιᾶἀειιιΙ
384 4659 479 4705 ratione.
513 4658 634 4714 Quonim
653 4669 746 4721 ternpus
776 4661 857 4708 circuli
873 4661 903 4710 td
918 4664 969 4726 cjur
984 4664 1192 4713 circumferentium
1205 4669 1272 4731 (470.
1287 4667 1339 4715 Lib.
1355 4666 1398 4728 1.).

120 4718 608 4848 pppupplocpgupetrncunfftip'peuumpffihest
615 4723 645 4770 ad
652 4733 745 4831 tempu}
776 4724 874 4788 ideoque
884 4726 915 4773 ud
925 4737 1017 4787 tempus
1027 4727 1126 4804 duplum
1137 4730 1286 4807 occillatipnic
1293 4731 1400 4808 pniucu

412 4800 472 4848 egre
547 4803 562 4836 u
591 4787 733 4854 quueloogr
776 4789 931 4840 rtuttredrtu
943 4802 1081 4854 componite,
1094 4793 1401 4858 utndruectrculredqru
