3202 5446
160 480 274 544 Lraan
291 475 454 558 Parnon]
502 472 744 544 PRINCIPIA
767 478 1154 546 MATHEMATwa
1383 491 1445 553 861

156 652 270 718 festum
285 664 343 730 est,
360 653 446 738 quod
460 651 494 715 hi
508 652 572 717 duo
587 654 739 738 impulsus
762 653 932 718 successive
953 653 1095 740 impressi
1117 654 1252 719 eundem
1271 655 1448 739 producent
1485 666 1490 675 '

156 776 288 842 motum,
312 785 350 828 ac
371 764 398 828 si
420 763 513 827 simul
535 763 680 849 impressi
698 762 838 842 fuissent,
859 765 921 828 hoc
946 776 1003 841 est,
1017 763 1161 843 eundem,
1182 786 1219 829 ac
1239 765 1266 829 si
1285 764 1397 852 globus
1416 765 1448 829 vi

155 873 289 958 simplici
304 895 346 938 ex
360 885 493 960 utroque
509 877 579 958 (per
593 874 699 962 legum
716 875 823 940 Corol.
840 875 883 956 2.)
906 876 1077 960 compositi
1093 876 1245 960 impulsus
1259 876 1375 955 fuisset,
1400 889 1448 940 at·

155 1006 218 1071 que
232 983 305 1047 ideo
320 982 502 1067 simplicem,
520 983 600 1047 circa
616 1005 708 1047 axem
723 983 923 1048 inclinatione
937 982 1056 1049 datum.
1102 985 1140 1070 (¹)
1165 984 1208 1049 Et
1222 1006 1279 1069 par
1300 997 1348 1049 est
1369 984 1450 1049 ratio

153 1090 310 1176 impulsis
325 1090 454 1155 secundi
468 1089 541 1154 facti
555 1091 589 1153 in
603 1091 707 1154 locum
722 1091 817 1155 alium
833 1092 972 1177 quemvis
987 1092 1020 1154 in
1034 1104 1194 1177 aequatore
1207 1104 1311 1156 motus
1335 1091 1430 1176 primi
1439 1114 1450 1167 ι
1457 1149 1467 1179 ,

154 1213 240 1266 utet
253 1200 406 1285 impulsus
421 1199 514 1284 primi
528 1198 599 1263 facti
614 1199 647 1262 iu
661 1199 765 1262 locum
780 1200 920 1285 quemvis
934 1200 969 1263 in
983 1211 1141 1285 aequatore
1155 1212 1269 1276 motus,
1282 1221 1376 1285 quem
1389 1184 1459 1263 im·¹

153 1310 268 1396 pulsus
283 1308 440 1374 secundus
454 1309 522 1371 sine
535 1308 639 1392 primo
657 1319 822 1394 generaret
832 1331 843 1385 3
865 1320 958 1394 atque
979 1307 1052 1371 ideo
1073 1306 1264 1391 impulsuum
1286 1307 1450 1370 amborum

154 1417 358 1483 factorumin
372 1415 442 1480 loca
456 1437 668 1502 quaecunqne:
693 1416 730 1497 (⁸)
744 1415 940 1502 generabunt
962 1415 997 1478 hi
1019 1415 1154 1479 eundem
1177 1430 1298 1480 motum
1321 1415 1450 1480 circula-

154 1547 225 1590 rem
240 1547 277 1589 ac
291 1524 316 1587 si
332 1522 426 1587 simul
440 1534 471 1586 et
485 1524 581 1587 semel
595 1523 628 1586 in
643 1523 747 1587 locum
761 1523 987 1589 intersectionis
1002 1536 1197 1610 arquatorum
1216 1537 1358 1589 motuum
1379 1524 1451 1588 illo-

154 1655 239 1710 rum,
255 1655 334 1719 quos
351 1632 481 1696 seorsim
502 1642 697 1719 generarent,
720 1629 852 1725 inissent
874 1631 1027 1714 impressi.
1073 1630 1196 1696 Globus
1219 1632 1314 1718 igitur
1338 1630 1451 1694 homo-

154 1763 276 1828 genens
300 1753 332 1804 et
351 1739 505 1824 perfectus
527 1761 592 1802 non
613 1738 726 1802 retinet
749 1751 853 1802 motus
876 1738 983 1823 plures
1009 1737 1181 1817 distinctos,
1207 1739 1262 1803 sed
1283 1739 1449 1824 impressos

154 1872 265 1914 omncs
281 1848 440 1933 componit
454 1848 536 1912 etad
550 1870 649 1911 unum
664 1846 795 1923 reducit,
812 1858 844 1910 et
855 1845 1007 1931 quitenus
1023 1847 1056 1909 in
1068 1869 1101 1910 se
1116 1860 1173 1924 est,
1186 1858 1315 1933 gyratur
1326 1869 1449 1931 semper

153 1972 244 2024 motu
259 1959 391 2044 simplici
406 1970 437 2022 et
450 1956 598 2021 uniformi
612 1957 694 2019 circa
708 1978 799 2020 axem
814 1955 951 2032 unicum,
968 1954 1168 2019 inclinatione
1183 1976 1304 2038 semper
1318 1954 1450 2018 invaria-

152 2066 211 2130 bili
225 2066 344 2131 datum.
389 2065 454 2130 Sed
468 2087 526 2130 nec
540 2065 586 2128 vis
601 2064 772 2147 centripeta
787 2062 1021 2126 inclinationem
1036 2061 1115 2140 axis,
1139 2074 1193 2126 aut
1214 2061 1374 2125 rotationis
1396 2084 1450 2126 ve·
1474 2123 1477 2127 ,

114 2219 118 2228 -
153 2175 313 2240 locita'tem
328 2185 448 2238 mutare
462 2186 575 2259 potest.
622 2173 656 2237 Si
671 2171 784 2259 globus
798 2171 894 2257 plano
910 2193 1106 2258 quocunque,
1128 2192 1186 2255 per
1201 2183 1342 2234 centrum
1357 2193 1450 2236 suum

154 2297 187 2350 et
200 2295 347 2349 centrum
361 2284 394 2346 in
409 2283 494 2370 quod
509 2283 555 2345 vis
570 2281 715 2370 dirigitur
730 2293 920 2359 transeunte,
936 2280 1034 2345 dividi
1048 2281 1239 2369 intelligatur
1252 2282 1286 2344 in
1307 2281 1372 2345 duo
1394 2279 1450 2344 hc·

153 2391 352 2477 mispheeria3
376 2391 499 2478 urgebit
514 2412 637 2473 semper
652 2390 697 2453 vis
713 2389 767 2453 illa
781 2402 948 2476 utrumque
962 2388 1217 2474 hemisphaerium
1232 2389 1402 2475 aequaliter,
1418 2402 1450 2454 et

152 2510 321 2583 propterea
335 2497 474 2585 globum,
487 2496 590 2582 quoad
601 2510 722 2560 motum
731 2496 902 2583 rotationis,
920 2495 959 2580 (b)
971 2477 1090 2559 nullam
1101 2497 1134 2559 in
1144 2508 1266 2581 partem
1278 2496 1448 2561 inclinabit.

154 2607 305 2672 Addatur
318 2628 393 2669 vero
409 2606 523 2670 alicubi
537 2605 618 2668 inter
632 2603 740 2689 polum
756 2616 788 2668 et
802 2615 992 2690 aequatorem
1009 2604 1140 2668 materia
1160 2626 1243 2668 nova
1262 2604 1296 2666 in
1317 2602 1450 2668 formam

186 2780 223 2845 (¹)
242 2783 256 2812 θ
274 2782 307 2830 Et
316 2797 361 2842 por
371 2789 402 2829 ert
414 2783 471 2829 ratio
484 2779 598 2844 impulerit
614 2777 711 2827 amada·
723 2775 789 2840 sorti
820 2773 864 2820 sim
874 2772 1009 2833 producunt
1019 2787 1078 2834 quoa
1088 2771 1250 2833 producerent,
1266 2772 1321 2819 siin
1332 2782 1449 2834 punctum

152 2848 179 2894 in
194 2849 269 2892 ἱὸιτιιιι
284 2847 357 2892 otiam
373 2848 472 2908 prenavit
489 2848 511 2902 b,
531 2848 557 2893 ia
567 2853 682 2907 equam
693 2843 717 2887 Β
728 2841 758 2887 X
767 2841 790 2888 Z
822 2837 954 2900 Ptinguloe
964 2846 1061 2902 egerent
1071 2837 1173 2893 mm·
1185 2837 1306 2900 imque
1316 2837 1338 2885 Ρ
1347 2837 1379 2894 K·
1392 2837 1414 2885 Ρ
1422 2837 1447 2897 i;

152 2909 226 2957 nude
238 2911 315 2971 prinei.
353 2909 486 2957 Resolvitur
501 2908 563 2957 enim
581 2908 616 2954 vis
632 2923 646 2954 a
662 2907 678 2953 b

152 2973 178 3020 in
190 2972 250 3020 dues
259 2973 326 3029 vireo,
344 2989 443 3037 quarum
460 2989 508 3020 una
523 2971 553 3020 ad
571 2981 678 3020 centrum

155 3039 176 3086 C
186 3036 296 3100 dirigitur
306 3053 347 3096 per
357 3037 447 3085 redium
458 3040 474 3084 b
486 3038 506 3085 C
516 3055 523 3095 5
539 3037 584 3084 alia
594 3051 676 3083 meun-

151 3101 210 3149 dum
226 3111 360 3164 ungentem
375 3101 485 3165 bdagie;
503 3111 527 3148 ee
544 3102 602 3147 vires
621 3099 676 3146 dua

151 3165 676 3281 :itt‘lmtlltatitltlmbt‘
718 3183 734 3201 '

152 3303 271 3354 ponentur
296 3292 425 3341 secundum
447 3294 597 3341 directionem
619 3292 677 3339 radii

152 3357 254 3420 alicujus
266 3357 289 3405 Β
303 3357 449 3420 cogentem,
461 3359 507 3420 qui
518 3356 601 3420 globus
609 3357 633 3403 in
641 3356 677 3403 di·
746 3417 748 3420 Α

151 3431 243 3470 tectum
250 3422 380 3469 movebitur
389 3422 550 3478 unisonniter;
566 3422 625 3469 vires
634 3436 677 3467 eu·

152 3495 202 3533 tem
215 3487 237 3533 B
251 3481 284 3542 D',
296 3488 311 3533 b
321 3485 337 3533 d
347 3502 399 3549 qun
411 3486 547 3534 rotationem
554 3485 616 3548 globi
623 3500 677 3547 pro-

152 3549 252 3606 ducunt,
272 3550 355 3597 eodem
374 3550 444 3597 modo
461 3560 633 3610 componuntur
647 3550 678 3597 ad

152 3613 252 3661 unicum
264 3614 382 3661 rotationis
392 3625 483 3661 motum
494 3614 642 3661 efficiendum
650 3629 678 3661 ao

152 3676 267 3725 tisuiuet
277 3679 345 3726 risB
360 3680 384 3725 D
396 3680 419 3724 in
429 3679 678 3738 locobimpresst.aut

152 3741 348 3798 viabdinloco
361 3743 382 3789 B
394 3743 677 3804 aquatorisBXZmo-

153 3806 192 3852 tur
202 3806 288 3867 primi;
304 3808 339 3853 ris
350 3807 412 3853 enim
426 3808 447 3853 Β
461 3808 486 3854 D
499 3807 600 3854 eundem
616 3818 677 3854 rota-

153 3870 223 3917 tionis
238 3880 329 3917 motum
348 3871 447 3928 inducit,
467 3869 515 3920 aivi
531 3871 678 3932 imprimatur

153 3933 178 3980 in
192 3935 222 3990 B,
233 3933 281 3982 sivi
292 3934 317 3981 in
327 3938 350 3983 b.

196 3996 219 4059 ⁸)
238 4002 252 4030 ⁰
273 4001 418 4048 Generum
444 4003 475 4058 ii,
502 4001 543 4048 dc.
588 4001 679 4049 Globus

154 4062 175 4109 Β
224 4062 248 4109 X
264 4063 309 4110 Zb
328 4063 420 4110 duabus
438 4065 526 4112 viribus
547 4065 567 4112 A
585 4066 615 4120 B,
633 4068 679 4113 ab

153 4125 247 4189 obliqui
258 4128 397 4188 impellatur,
408 4129 482 4191 iisque
492 4129 591 4191 singulis
598 4129 624 4176 in
635 4129 679 4176 du-

153 4206 179 4238 ae
188 4190 247 4237 alias
257 4192 323 4249 vires,
335 4192 464 4240 seeundum
480 4194 617 4241 directiones
629 4193 651 4240 Β
665 4195 693 4248 C,
707 4196 729 4243 Β
743 4196 785 4257 D;
818 4198 860 4246 aod
870 4199 929 4247 vim
940 4199 994 4248 dure
1007 4201 1028 4249 P
1041 4202 1074 4260 K,
1088 4202 1135 4255 Pi,
1152 4203 1176 4250 in
1188 4218 1259 4250 unam
1277 4202 1333 4251 PL
1351 4217 1447 4264 compo·

153 4256 201 4311 bc,
213 4253 256 4302 bd
268 4264 361 4316 utaupr
391 4257 477 4315 divisis,
497 4258 560 4306 sitB
576 4258 667 4305 sz
684 4271 788 4322 erqrrator
818 4273 908 4310 nuutnr
918 4265 965 4327 qui
975 4266 1059 4328 globus
1069 4266 1130 4314 cirri
1140 4278 1279 4330 aquatorem
1295 4267 1392 4315 unicum
1408 4284 1446 4316 ro-

154 4334 225 4381 quenr
236 4330 353 4379 punctum
397 4322 420 4367 vi
434 4323 455 4368 Β
472 4323 495 4368 D
509 4321 624 4377 describit,
640 4332 664 4369 et
679 4324 695 4369 b
709 4323 786 4372 rxz
819 4335 888 4374 tetur.
925 4328 1006 4383 Quare
1017 4331 1076 4379 vires
1092 4347 1132 4378 seu
1149 4331 1263 4392 impulsus
1277 4333 1298 4378 A
1313 4332 1342 4389 Β,
1354 4348 1368 4379 a
1378 4334 1394 4380 b
1404 4350 1446 4395 ge-

154 4382 327 4444 mquatorrlter
337 4400 408 4446 quero
422 4395 536 4446 punctum
553 4387 601 4432 bri
613 4385 655 4433 bd
672 4386 787 4436 describe·
819 4394 935 4439 nerabunt
945 4403 1035 4440 motum
1053 4395 1149 4442 unicum
1166 4396 1294 4456 simplicem
1311 4411 1339 4443 ec
1357 4398 1446 4445 unifor-

155 4458 196 4501 ret,
209 4448 294 4494 horum
307 4458 452 4510 oequrtorum
464 4464 600 4496 communes
616 4450 789 4501 intersectiones
818 4469 890 4512 mem,
902 4467 954 4503 tum
965 4457 1086 4513 directum,
1099 4472 1150 4506 tum
1162 4459 1296 4506 circularem
1308 4460 1368 4508 circi
1378 4477 1447 4509 arem

156 4511 182 4568 P,
202 4511 239 4568 23
264 4513 324 4558 vires
343 4528 395 4575 quar
413 4513 543 4559 secundum
562 4513 639 4562 radios
659 4515 723 4571 Bc,
740 4519 787 4574 bc,
819 4519 917 4566 unicum
939 4521 1088 4570 inclinatione
1110 4539 1200 4584 semper
1220 4523 1347 4572 invariabili
1364 4524 1446 4574 datum

154 4585 230 4638 egum
240 4576 266 4621 in
278 4591 351 4622 unam
362 4587 541 4637 componentur,
552 4587 580 4624 ut
590 4576 667 4639 cupri,
679 4579 726 4642 qui
734 4580 786 4643 glo-
817 4580 921 4645 cdeique
932 4594 955 4631 et
966 4586 1009 4633 sibi
1020 4602 1111 4647 semper
1121 4587 1264 4648 parallelum.

154 4638 199 4687 but
218 4641 353 4688 movebitur
371 4641 518 4688 uniformiter
536 4642 561 4688 in
580 4641 709 4702 directum
727 4645 787 4692 vires
851 4646 885 4708 (l)
904 4653 917 4678 ·
935 4652 1035 4700 Nullam
1053 4654 1079 4700 ιἰι
1096 4663 1188 4713 portem
1206 4655 1329 4703 inclinabit.
1374 4653 1410 4701 Sit
1429 4654 1447 4702 8

154 4713 235 4752 eatan
249 4705 271 4751 Β
285 4705 318 4763 D,
330 4706 346 4752 b
357 4704 380 4763 d,
392 4705 486 4753 eoadem
497 4706 616 4755 rotationis
631 4717 710 4758 motus
725 4723 786 4757 teor.
820 4708 903 4759 virium
914 4723 1029 4771 cennum,
1050 4717 1071 4762 Δ
1085 4714 1108 4764 1³
1120 4716 1146 4772 Q
1156 4716 1180 4765 E
1198 4716 1281 4780 globus
1299 4717 1360 4767 circi
1378 4733 1446 4766 axem
