3202 5446
159 425 341 505 Derim]
489 420 732 487 PRINCIPIA
755 418 1128 486 MATHEMATICA.
1436 437 1456 491 9

155 632 230 696 pora
242 608 404 687 defimon,
421 617 453 672 et
461 605 480 671 vi
489 606 584 695 vrdgo
594 629 654 692 pro
664 606 765 691 spatio
778 607 932 670 immobili
942 619 1126 693 usurpatur:
1150 609 1195 672 uti
1206 610 1360 676 dimensio
1369 614 1458 697 spatii

152 717 355 794 subterranei,
370 715 455 780 ae'rei
468 714 518 779 vel
532 713 664 779 coelestis
678 713 807 777 delinita
828 735 886 798 per
900 715 994 777 situm
1018 738 1108 778 suum
1123 716 1164 780 ad
1180 717 1322 782 Terram.
1368 718 1458 784 Idem

152 837 222 892 sunt
236 825 377 910 spatium
391 821 569 888 absolutum
584 834 616 886 et
629 821 802 899 relativum,
819 822 967 906 speciest
980 822 1214 911 magnitudine3
1237 825 1292 908 sed
1306 847 1371 889 non
1385 849 1458 925 per·

152 943 282 997 manent
295 930 381 996 idem
397 951 522 1015 semper
544 951 686 992 numero.
740 928 824 993 Nam
843 929 870 992 si
894 928 1006 1007 Terra,
1034 931 1122 994 verbi
1143 931 1254 1018 gratia,
1277 947 1456 1010 moveatur3

151 1041 286 1126 spatium
301 1039 395 1104 Adria
408 1037 520 1114 nostri,
536 1035 622 1122 quod
637 1034 763 1099 relative
778 1047 810 1098 et
823 1047 965 1120 respectu
981 1037 1092 1101 Terrae
1107 1060 1229 1122 semper
1242 1051 1348 1102 manet
1362 1040 1455 1119 idem,

152 1170 236 1213 nunc
255 1147 317 1211 erit
330 1166 482 1229 unapars
496 1144 588 1228 spatii
614 1142 747 1206 absoluti
769 1142 803 1204 in
828 1165 924 1228 quam
950 1144 1017 1209 Aer
1041 1145 1161 1222 transit,
1187 1167 1271 1209 nunc
1296 1146 1358 1210 alia
1381 1169 1456 1231 pars

152 1257 233 1342 ejus3
267 1268 300 1318 et
325 1253 370 1317 sic
399 1249 540 1328 absolute
554 1250 726 1313 mutabitur
739 1247 902 1334 perpetuo.

192 1362 259 1428 Ill.
276 1361 383 1426 Locus
392 1369 526 1443 estpars
540 1357 631 1441 spatii
646 1379 741 1443 quam
756 1379 870 1440 corpus
890 1368 1031 1440 occupat,
1041 1373 1149 1446 estque
1160 1383 1220 1446 pro
1231 1364 1356 1429 ratione
1367 1370 1458 1452 spatii

153 1468 199 1534 vel
213 1467 388 1534 Absolutus
402 1466 452 1530 vel
478 1455 648 1530 Relativda.
702 1464 791 1542 Pars,
815 1464 953 1549 inquam,
967 1464 1075 1548 spatii3
1106 1486 1170 1527 non
1196 1466 1282 1531 Situs
1306 1469 1455 1551 corporis,

154 1575 199 1641 vel
223 1574 414 1660 Superficies
427 1572 577 1636 ambiens.
623 1571 707 1636 Nam
722 1570 893 1633 solidorum
915 1569 1083 1655 aequalium
1097 1571 1233 1657 aequales
1247 1594 1370 1657 semper
1384 1588 1457 1639 sunt

153 1679 229 1760 loci3
254 1680 442 1766 Superficies
456 1691 561 1743 autem
576 1678 618 1741 ob
637 1676 921 1742 dissimilitudinem
936 1677 1108 1763 figurarum
1127 1677 1352 1763 utplurimum
1376 1681 1455 1744 inae·

156 1790 260 1876 quales
274 1799 362 1864 sunt3
385 1787 469 1853 situs
484 1807 559 1849 vero
572 1783 699 1869 proprie
714 1783 872 1869 loquendo
890 1783 1093 1868 quantitatem
1108 1805 1176 1848 non
1202 1784 1328 1862 habent,
1353 1809 1456 1873 neque

157 1910 221 1962 tarn
235 1908 309 1959 sunt
322 1894 389 1958 loeo
401 1916 496 1980 quam
511 1891 686 1956 affectiones
696 1891 846 1954 locorum.
892 1890 1002 1954 Motus
1016 1890 1111 1954 totius
1125 1890 1209 1954 idem
1224 1904 1271 1954 est
1284 1914 1356 1955 cum
1371 1917 1455 1957 sum·

158 2027 209 2070 ma
223 2015 362 2067 motuum
374 2002 522 2086 partium,
545 2000 606 2063 boc
621 2010 675 2076 est,
692 1998 852 2062 translatio
866 1998 964 2061 totius
978 1997 1019 2061 de
1033 2020 1090 2061 suo
1114 1999 1185 2062 looo
1200 1998 1309 2062 eadem
1324 2011 1369 2063 est
1384 2023 1455 2065 cum

158 2134 278 2175 summa
291 2109 525 2174 translationum
539 2107 675 2191 partium
698 2106 739 2170 de
752 2105 828 2169 locis
854 2105 933 2180 suis3
956 2104 1089 2191 ideoque
1103 2106 1189 2169 locus
1203 2107 1297 2169 totius
1311 2107 1395 2170 idem
1411 2123 1457 2174 est

158 2242 226 2283 cum
239 2239 359 2283 summa
371 2216 515 2280 locorum
529 2215 678 2299 partium,
692 2226 723 2278 et
737 2225 905 2298 propterea
918 2213 1058 2276 internus
1072 2226 1105 2277 et
1117 2214 1151 2276 in
1166 2236 1298 2299 corpore
1312 2225 1388 2279 toto.

195 2327 254 2392 lv.
270 2325 381 2390 Motus
396 2323 568 2390 Absolutus
582 2334 629 2386 eat
651 2322 811 2386 translatio
826 2322 968 2406 corporis
987 2322 1028 2386 de
1042 2321 1113 2385 loco
1127 2323 1270 2387 absoluto
1293 2324 1327 2386 in
1352 2323 1456 2390 locum

157 2434 341 2511 absolutum,
366 2431 528 2496 Rustivus
542 2430 583 2494 de
597 2429 726 2494 relativo
740 2429 774 2492 in
789 2429 962 2493 relativum.
1009 2430 1062 2495 Sic
1075 2430 1110 2492 in
1120 2431 1278 2517 naviquae
1292 2431 1367 2494 velis
1385 2454 1457 2517 pas-

159 2541 193 2604 sis
204 2541 312 2619 fertur,
329 2539 477 2603 relativus
491 2534 633 2621 corporis
649 2537 753 2600 Locus
768 2548 815 2599 est
828 2537 944 2619 navigii
967 2537 1056 2624 regio
1069 2537 1124 2602 illa
1137 2539 1171 2601 in
1186 2538 1246 2625 qud
1261 2561 1374 2624 corpus
1387 2563 1457 2605 ver-

162 2657 251 2721 satur,
266 2667 322 2707 seo
339 2645 481 2709 caritatis
496 2646 591 2710 totius
606 2667 679 2728 pars
693 2644 748 2707 illa
762 2666 857 2728 qnam
874 2666 986 2735 corpus
1000 2644 1118 2730 implet,
1144 2669 1277 2733 quaeque
1295 2647 1375 2711 adeo
1389 2670 1457 2712 mo-

159 2775 242 2827 vetur
254 2759 319 2827 uni
342 2782 415 2825 cum
429 2759 520 2824 navi:
552 2772 584 2824 et
599 2759 697 2836 Quies
712 2759 840 2825 relativa
863 2772 908 2824 est
929 2759 1108 2839 permansio
1132 2757 1273 2840 corporis
1291 2757 1324 2822 in
1349 2757 1458 2822 eidem

159 2868 206 2933 ills
219 2870 308 2934 navis
324 2867 454 2956 regione
468 2866 516 2931 vel
530 2880 620 2952 parte
634 2867 781 2930 cavitatis.
827 2869 872 2932 At
887 2868 973 2954 quies
987 2889 1062 2931 vera
1076 2879 1122 2930 est
1129 2867 1306 2952 permansio
1320 2869 1459 2951 corporis

159 2975 310 3040 incidam
323 2986 415 3060 parte
429 2974 519 3059 spatii
534 2974 615 3050 illius
629 2974 750 3036 immoti
764 2974 796 3036 in
812 2973 872 3059 qui
888 2974 974 3040 navis
988 2974 1055 3058 ipsa
1077 2972 1141 3037 und
1155 2997 1226 3038 cum
1250 2974 1379 3038 cavitate
1403 2975 1459 3039 sui

160 3083 352 3147 etoonteutis
381 3083 530 3146 universis
554 3095 706 3145 movetur.
768 3081 864 3147 Unde
890 3082 916 3144 si
940 3082 1043 3146 Terra
1066 3080 1137 3145 vere
1171 3082 1316 3168 quiescat,
1347 3104 1460 3167 corpus

106 3231 119 3245 ·
161 3190 239 3276 quod
262 3188 392 3255 relative
415 3191 543 3276 quiescit
556 3190 590 3252 in
614 3191 696 3267 navi,
722 3190 898 3253 movebitur
912 3189 984 3254 vere
999 3202 1030 3254 et
1055 3190 1195 3255 absolute
1221 3191 1257 3255 ei
1279 3214 1351 3254 cum
1376 3192 1461 3256 velo-

160 3298 246 3362 citate
259 3297 321 3385 qud
345 3298 433 3362 navis
456 3308 598 3361 movetur
620 3298 654 3360 in
678 3296 789 3361 Terris.
836 3298 892 3363 Sin
916 3298 1018 3362 Terra
1033 3299 1126 3362 etiam
1148 3312 1319 3377 moveatur,
1345 3300 1462 3364 orietur

161 3426 246 3469 verus
259 3419 290 3470 et
304 3404 465 3471 absolutus
479 3406 618 3490 corporis
631 3400 745 3483 motus,
775 3405 889 3489 partim
914 3427 954 3468 ex
969 3406 1081 3470 Terrae
1103 3418 1192 3469 motu
1207 3428 1281 3470 vero
1304 3408 1337 3470 in
1361 3409 1461 3492 spatio

162 3512 296 3591 immoto,
311 3513 428 3598 partim
442 3535 482 3576 ex
496 3513 582 3576 navis
597 3524 684 3576 motu
699 3512 828 3575 relativo
850 3513 884 3575 in
899 3511 1017 3577 Terris:
1050 3526 1081 3577 et
1095 3513 1121 3576 si
1144 3536 1256 3599 corpus
1279 3515 1371 3578 etiarn
1393 3537 1462 3579 mo-

162 3632 264 3683 veatur
278 3619 406 3684 relative
421 3620 454 3683 in
468 3621 550 3698 navi,
567 3621 684 3684 orietur
697 3643 788 3684 verus
797 3621 864 3705 ejus
879 3632 991 3698 motus,
1007 3621 1121 3705 partim
1136 3644 1176 3684 ex
1190 3644 1264 3686 vero
1278 3633 1366 3686 motu
1381 3624 1462 3688 Ter-

163 3748 205 3790 rae
217 3727 250 3791 in
264 3728 366 3812 spatio
380 3728 520 3807 immoto,
536 3728 652 3813 partim
667 3751 707 3792 ex
721 3728 856 3792 relativis
871 3729 1006 3793 motibus
1020 3741 1087 3793 turn
1102 3730 1187 3793 navis
1202 3731 1235 3793 in
1260 3730 1371 3808 Terris,
1396 3743 1463 3794 tum

163 3836 299 3920 eorporis
323 3836 358 3899 in
382 3836 473 3914 navi3
495 3849 527 3901 et
552 3859 594 3902 ex
608 3836 656 3900 his
677 3837 813 3900 motibus
839 3837 973 3901 relativis
995 3838 1113 3902 orietur
1135 3839 1274 3924 corporis
1289 3853 1391 3902 motus
1413 3861 1462 3903 re-

166 3946 273 4013 lativus
297 3947 331 4010 in
356 3943 467 4010 Terris.
539 3944 586 4010 Ut
614 3945 640 4007 si
676 3945 788 4009 Terrae
816 3966 888 4029 pars
921 3944 984 4022 illa,
1009 3945 1064 4009 ubi
1085 3946 1171 4009 navis
1206 3957 1354 4024 versatur,
1392 3969 1461 4011 mo·

166 4064 267 4114 resurr
294 4049 368 4114 verd
393 4051 427 4114 in
453 4051 605 4116 orientem
633 4074 705 4115 cum
728 4051 890 4116 velocitate
914 4052 1050 4137 partium
1080 4062 1202 4129 10010;
1236 4067 1267 4116 et
1288 4053 1363 4117 velis
1388 4077 1464 4119 ven-

166 4170 255 4244 toque
291 4157 411 4222 feratur
446 4160 533 4222 navis
568 4159 602 4222 in
637 4159 830 4223 occidentem
866 4181 938 4223 cum
974 4159 1135 4223 velocitate
1163 4160 1301 4244 partium
1337 4160 1463 4238 decem3

170 4262 273 4331 Nauia
298 4278 404 4330 autem
430 4266 568 4330 ambulet
594 4268 628 4330 in
651 4268 723 4331 navi
746 4268 898 4331 orientem
932 4289 1040 4332 versus
1074 4290 1146 4330 cum
1182 4267 1352 4332 velocitatis
1377 4280 1467 4354 parte

170 4373 244 4436 uui:
279 4372 455 4436 movebitur
481 4374 588 4438 Nauta
612 4373 684 4439 verd
722 4388 753 4438 et
776 4373 915 4439 absolute
940 4375 974 4438 in
1000 4375 1099 4460 spatio
1132 4375 1262 4438 immoto
1291 4400 1363 4440 cum
1382 4378 1467 4441 velo-

168 4479 260 4543 citatis
272 4480 416 4566 partibus
434 4490 535 4545 10001
565 4481 598 4544 in
624 4482 785 4561 orientem,
814 4495 844 4547 et
858 4480 986 4546 relative
1012 4483 1045 4545 in
1069 4480 1151 4546 terri
1179 4482 1373 4548 occidentem
1396 4506 1486 4547 ver·.

169 4607 214 4649 sus
227 4610 300 4652 cum
313 4587 484 4652 velocitatis
498 4588 637 4672 partibus
652 4612 772 4655 novem.

171 4767 261 4819 ham.
299 4773 450 4835 (λαμυρία
462 4773 482 4819 d
493 4788 580 4834 eorpus
589 4773 683 4835 aliquod
694 4774 802 4838 aequabili
835 4774 898 4836 poris
907 4785 1023 4835 punctum
1035 4773 1125 4829 flueret,
1140 4741 1260 4838 spatiisque
1271 4778 1300 4823 ab
1312 4790 1340 4822 eo
1357 4773 1471 4836 descripta

170 4835 279 4886 &aaut
290 4849 432 4893 mutatur,
449 4836 605 4886 illudendam
615 4838 688 4887 modo
704 4855 731 4889 sc
742 4851 802 4889 tem·
834 4840 914 4888 forent
930 4839 1075 4900 temporibus
1085 4839 1266 4901 proportiomlia
1283 4839 1337 4904 (5);
1360 4839 1472 4904 anigitur
