3202 5446
92 498 382 577 LrnnnSacunn]
414 497 656 562 PRINCIPIA
682 496 1055 580 MATHEMATICA.
1305 492 1365 556 729

93 675 187 761 quam
201 672 242 737 ad
256 672 346 758 polos
354 696 364 749 3
387 671 516 737 debebit
529 693 624 736 causa
638 672 743 760 aliqua
756 671 866 737 adesse
880 672 942 759 quia
957 670 1118 756 particulae
1133 670 1263 756 singulae
1277 669 1310 733 in
1325 670 1385 733 cir·

93 782 171 846 culis
186 781 249 844 suis
263 781 455 844 retineantur
463 802 473 856 3
495 801 536 842 ne
550 780 689 857 materia,
713 802 785 866 quae
799 779 840 844 ad
855 779 1029 864 eclipticam
1045 790 1101 856 est,
1124 778 1251 842 recedat
1264 799 1387 863 semper

93 907 233 958 acentro
247 907 280 959 et
293 916 351 979 per
366 894 522 958 exteriora
548 894 677 958 vorticis
698 894 813 981 migret
826 892 866 956 ad
881 893 980 978 polos,
1004 892 1140 979 indeque
1160 912 1218 976 per
1232 910 1323 954 axem
1345 887 1387 952 ad

94 1001 267 1086 eclipticam
283 1000 484 1067 circulatione
499 1001 651 1088 perpetud
666 1014 851 1066 revertatur.

135 1111 175 1196 (¹)
194 1114 294 1176 Corol.
312 1121 340 1175 1.
373 1113 463 1177 Hinc
485 1125 590 1176 motus
616 1113 783 1201 angulares
804 1112 942 1199 partium
962 1111 1051 1175 fluidi
1071 1112 1155 1176 circa
1175 1132 1267 1175 axem
1288 1108 1385 1197 globi,

94 1234 168 1285 sunt
181 1222 341 1306 reciproce
356 1236 392 1287 ut
408 1223 561 1309 quadrata
575 1223 794 1288 distendar-um
809 1246 828 1287 a
841 1236 950 1287 centro
964 1221 1060 1309 globi,
1084 1233 1116 1285 et
1132 1219 1309 1284 velocitates
1331 1218 1387 1282 ab·

92 1332 204 1397 solutae
217 1335 378 1418 reciproce
393 1348 429 1399 ut
443 1335 554 1400 eadem
568 1335 722 1422 quadrata
735 1335 890 1420 applicata
903 1332 945 1398 ad
955 1332 1120 1397 'distantias
1135 1330 1176 1395 ab
1191 1352 1259 1395 axe.

137 1446 237 1510 Corol.
253 1455 284 1510 2.
309 1447 344 1512 Si
358 1447 472 1535 globus
487 1448 520 1509 in
534 1446 633 1511 fluido
649 1447 828 1534 quiescente
843 1444 971 1510 similari
993 1456 1025 1507 et
1045 1442 1168 1506 infinito
1190 1443 1273 1507 circa
1294 1460 1386 1504 axem

91 1556 247 1639 positione
262 1558 370 1623 datum
393 1558 540 1622 uniformi
563 1578 636 1621 curn
660 1570 748 1621 motu
769 1557 956 1633 revolvatur,
982 1553 1262 1618 communicabitur
1283 1564 1386 1614 motus

91 1665 190 1731 fluido
212 1668 245 1730 in
266 1690 386 1732 morem
408 1669 545 1746 vorticis,
570 1681 602 1733 et
623 1682 727 1732 motus
741 1669 799 1733 iste
815 1647 965 1753 paulatim
979 1666 1206 1754 propagabitur
1227 1665 1260 1727 in
1283 1661 1387 1725 infini-

93 1789 176 1851 tum3
201 1798 303 1863 neque
327 1778 415 1863 prius
439 1777 574 1843 cessabit
595 1779 629 1842 in
655 1777 785 1867 singulis
811 1779 900 1842 fluidi
923 1777 1065 1863 partibus
1089 1776 1264 1852 accelerari,
1292 1794 1387 1860 quam

92 1897 233 1967 tempora
256 1885 417 1969 periodica
440 1886 633 1975 singularum
656 1888 792 1972 partium
818 1887 880 1950 sint
905 1898 941 1950 ut
961 1886 1114 1973 quadrata
1135 1885 1388 1949 distantiaruma

92 2007 199 2058 centro
213 1992 309 2082 globi.
1215 2007 1218 2014 '

138 2104 236 2166 Corol.
254 2112 283 2167 8.
317 2102 478 2179 Quoniam
508 2104 635 2168 vorticis
664 2116 769 2189 partes
799 2104 963 2168 interiores
994 2103 1033 2188 (¹)
1055 2102 1098 2166 ob
1123 2103 1273 2187 majorem
1298 2119 1387 2163 suam

92 2211 287 2278 velocitatem
302 2226 439 2278 atterunt
454 2228 485 2278 et
499 2227 614 2303 urgent
635 2214 815 2292 exteriores,
839 2227 1022 2301 motumque
1035 2212 1112 2298 ipsis
1127 2211 1163 2276 eri
1179 2211 1301 2275 actione
1315 2231 1388 2294 per-

91 2336 187 2404 petuo
209 2322 452 2400 communicant,
475 2334 507 2387 et
518 2322 689 2386 exteriores
704 2321 750 2385 illi
764 2322 896 2386 eandem
918 2335 1022 2385 motus
1043 2319 1247 2407 quantitatem
1262 2319 1293 2381 in
1310 2318 1387 2382 alios

92 2430 197 2494 adhuc
211 2433 381 2497 exteriores
396 2433 489 2496 simul
503 2432 705 2511 transferunt,
728 2432 827 2519 eique
843 2434 964 2498 actione
988 2434 1027 2529 ζ’)
1044 2445 1168 2496 servant
1183 2430 1388 2517 quantitatem

95 2537 199 2602 motlrs
220 2537 269 2602 sui
290 2538 384 2623 plane
406 2541 606 2617 invariatam3
632 2552 720 2626 patet
742 2541 828 2627 quod
853 2554 957 2605 motus
983 2553 1137 2626 perpetuo
1162 2537 1347 2604 transfertur
1369 2559 1389 2598 a

91 2660 199 2712 centro
214 2649 255 2713 ad
270 2651 546 2717 circumferentiam
563 2653 700 2731 vorticis,
727 2666 759 2718 et
779 2676 837 2738 per
857 2654 1044 2717 infinitatem
1060 2650 1318 2717 circumferentiae
1332 2649 1388 2714 ab·

92 2757 245 2821 sorbetur.
281 2757 417 2824 Materia
426 2761 508 2825 inter
517 2760 685 2845 sphaericas
701 2760 779 2825 duas
793 2761 919 2847 quasvis
935 2758 1116 2843 superficies
1128 2758 1238 2823 vortici
1254 2780 1388 2822 concen-

92 2863 186 2927 tricas
200 2885 361 2950 nunquam
376 2867 609 2943 accelerabitur,
626 2890 665 2931 eo
680 2867 767 2953 qutid
781 2881 902 2932 motum
922 2889 1048 2931 omnem
1063 2889 1082 2929 a
1096 2865 1225 2929 materiis
1240 2867 1388 2931 interiore

93 2987 256 3057 acceptum
271 2974 418 3038 transfert
432 2998 555 3062 semper
569 2979 602 3039 in
617 2978 814 3042 exteriorem.

137 3084 237 3146 Corol.
253 3092 283 3146 4.
309 3084 447 3148 Proinde
462 3085 503 3150 ad
518 3087 788 3150 conservationem
803 3087 928 3151 vorticis
951 3099 1131 3151 constanter
1144 3087 1177 3149 in
1193 3085 1305 3150 eodem
1319 3108 1387 3149 mo-

93 3194 187 3257 vendi
202 3206 294 3274 statu,
310 3197 480 3282 requiritur
494 3198 685 3282 principium
701 3199 830 3284 aliquod
844 3198 990 3275 activum,
1014 3221 1033 3260 a
1048 3219 1112 3284 quo
1126 3197 1240 3286 globus
1254 3197 1387 3263 eandem

94 3432 201 3478 colorum
212 3448 272 3495 quos
282 3432 416 3482 describunt
428 3435 480 3497 (per
490 3436 544 3484 Cor.
553 3441 578 3482 3.
591 3435 662 3497 Prop
675 3435 723 3483 1v.
758 3434 863 3483 locitstes
872 3434 997 3498 angulares
1012 3435 1104 3482 orbium
1115 3451 1130 3483 a
1140 3445 1220 3485 centro
1230 3435 1295 3500 globi
1305 3436 1385 3485 minus

96 3496 150 3543 Lib.
167 3497 211 3558 1.),
229 3499 274 3545 boe
284 3511 326 3553 est,
344 3508 373 3546 ut
387 3499 590 3560 perpendiculares
612 3499 643 3547 sd
659 3515 727 3547 ass·
758 3499 895 3548 distantium
904 3501 1005 3563 msjmes
1014 3508 1070 3548 sttnt
1082 3503 1135 3565 (per
1146 3500 1200 3549 Cor.
1215 3501 1252 3562 1.)
1263 3499 1335 3562 quim
1345 3517 1385 3549 vs·

96 3561 119 3608 E
133 3561 183 3608 Set
194 3578 207 3607 e
217 3576 240 3623 q.
276 3563 319 3609 Vra
330 3563 402 3674 iff'tur
412 3564 543 3629 centril'ugs
554 3580 582 3612 oo
595 3565 670 3629 major
680 3574 721 3622 ast,
754 3564 858 3612 locitates
868 3564 993 3627 angulares
1002 3565 1094 3612 orbium
1105 3566 1245 3614 exteriorum
1255 3575 1386 3614 etscentro

94 3641 142 3687 quo
157 3627 232 3688 magis
248 3627 337 3686 pertico
377 3627 465 3675 accedit
480 3629 512 3676 ad
527 3639 723 3691 equsmremseu
756 3629 851 3676 vorticis
860 3627 1279 3687 renrotiorum3sadorbesinteriores
1289 3644 1384 3678 excessu

95 3690 224 3750 eclipticam
237 3691 297 3749 SE,
314 3702 338 3739 et
353 3692 378 3738 in
395 3702 512 3755 aquatore
527 3694 630 3742 maxims
639 3705 682 3752 est,
698 3693 724 3741 in
755 3693 883 3742 velocitatis
898 3694 1024 3759 angularis,
1041 3709 1089 3756 quo
1104 3693 1200 3743 relative
1215 3693 1245 3741 sd
1261 3696 1328 3742 orbes
1343 3710 1384 3742 aa·

95 3754 150 3814 polo
161 3755 233 3800 nulla.
756 3758 851 3806 ten’oras
865 3767 995 3814 moventur,
1014 3758 1057 3806 bos
1067 3767 1170 3807 mantnt
1185 3768 1210 3806 et
1224 3768 1317 3821 urgent,
1334 3777 1383 3808 nso·

129 3839 165 3900 (¹)
177 3845 232 3886 328·
253 3843 266 3870 ⁶
281 3844 352 3890 Corol.
374 3847 396 3889 1.
425 3842 508 3890 Motus
529 3844 653 3907 angulares
669 3855 725 3891 sunt
756 3832 855 3887 000100
864 3825 926 3886 010001
937 3823 980 3871 00·

49 3944 52 3949 .
96 3903 211 3963 reciproce
230 3914 257 3951 ut
275 3915 381 3966 tempora
397 3907 513 3968 periodica
530 3908 609 3972 (327),
626 3907 725 3972 idadque
803 3930 828 3992 ι)
848 3935 862 3962 .
880 3935 975 3981 m
1060 3933 1148 3980 ,wem
1166 3927 1242 3979 m
1259 3933 1297 3979 m·
1311 3931 1383 3992 'aad

98 3971 136 4030 (er
153 3967 326 4031 demonstratis)
346 3969 462 4031 mansee
473 3982 500 4018 ut
510 3973 622 4035 quadrata
638 3973 726 4021 disran·
761 3999 767 4009 ·
790 3934 800 3994 (
830 3998 835 4008 ·
986 3946 1057 4006 μη
1343 3995 1370 4008 ··

97 4032 182 4079 aarum
203 4049 218 4079 a
238 4044 319 4080 centro
357 4035 411 4082 ron
451 4036 592 4084 vermium
612 4038 725 4086 anorum
757 4005 907 4072 ’Μ’-’900
944 3996 1008 4052 0⁰¹⁸
1026 4002 1078 4061 (Ψ
1096 3993 1177 4072 ΙΨ)
1195 4010 1223 4042 ⁸⁸
1239 4004 1275 4042 ⁰⁸²
1291 4005 1383 4072 '⁰¹⁰9‘

97 4097 263 4156 particularum
274 4109 330 4145 sunt
339 4051 368 4146 dt
378 4100 514 4160 peripheria
520 4101 659 4149 circulorum
666 4117 725 4166 quas
755 4060 876 4174 2222ss
884 4058 1209 4172 mffiguztssiffidp:
1218 4070 1382 4173 mxii?

96 4160 237 4215 describunt,
254 4178 296 4209 seu
308 4174 335 4210 ut
345 4164 448 4224 ipsarum
464 4165 579 4213 distantia
589 4168 618 4214 sb
628 4181 672 4213 axe
687 4166 723 4213 dl·
756 4191 830 4238 mm
839 4188 922 4238 „dem
1011 4158 1084 4236 ,fem
1114 4198 1249 4237 mommr.
1262 4197 1285 4236 a
1295 4197 1343 4236 nm

98 4225 165 4280 recte,
177 4236 201 4273 et
212 4237 317 4286 tempora
327 4229 444 4289 periodica
455 4229 560 4288 inversd;
571 4240 595 4278 et
605 4241 726 4292 propterea
902 4255 908 4266 ·
932 4203 1011 4265 ”nipe
1029 4254 1035 4265 ·
1083 4204 1108 4236 m
1156 4254 1161 4265 ·
1243 4225 1274 4299 ἰ
1304 4253 1309 4265 ·
1344 4205 1382 4246 ω’

96 4300 153 4336 sunt
164 4300 190 4336 ut
201 4289 316 4337 distantia
328 4295 411 4339 abate
427 4292 513 4340 directe
523 4306 547 4341 et
557 4295 669 4356 quadrata
679 4295 724 4342 dis-
756 4256 1382 4380 Pmffiffffissffigffissffiffivzssnffl

97 4356 222 4400 untiarutn
234 4371 249 4401 a
259 4367 339 4403 centro
349 4357 414 4419 globi
424 4357 521 4412 inverse.
533 4375 560 4407 aa
568 4359 727 4420 proindasunt
757 4393 853 4431 mm
862 4379 976 4444 mg
989 4394 1104 4446 urgemur
1113 4392 1137 4430 ει
1147 4381 1177 4430 ,d
1188 4391 1279 4430 mosum
1295 4383 1382 4431 mle.

98 4417 213 4478 reciproce
224 4430 251 4466 ut
261 4419 343 4466 eadem
354 4421 467 4482 quadrata
474 4423 588 4483 applicata
598 4424 627 4471 sd
639 4424 727 4500 distau-
758 4447 858 4495 „ndum
869 4448 1012 4507 indum„
1028 4462 1121 4495 nm
1132 4457 1166 4494 ers
1176 4457 1204 4494 ut
1214 4455 1292 4494 motus
1302 4463 1383 4508 perpe-

97 4484 140 4530 tias
151 4484 180 4530 sb
191 4497 241 4530 sse.
279 4484 349 4532 Unde
361 4485 492 4534 velocitates
502 4488 616 4536 absoluta
626 4499 727 4550 peruers-
758 4521 801 4559 ,uo
822 4512 973 4560 mmm
991 4528 1006 4559 ι
1023 4521 1103 4559 centro
1122 4510 1152 4559 ,d
1173 4511 1383 4559 circumferentiam

97 4547 173 4594 larum
190 4548 215 4593 in
234 4560 350 4610 aquatore
367 4561 423 4597 sunt
439 4551 556 4611 reciproce
574 4562 602 4600 ut
622 4553 725 4628 ipsarum
758 4577 857 4634 'officis’
874 4586 949 4638 etp„
959 4576 1098 4623 inguinum
1109 4577 1203 4624 enim„
1218 4576 1383 4623 circumsessa.

97 4612 213 4689 dlfflssl{”
223 4628 236 4658 0
247 4623 327 4660 000010
338 4615 409 4690 globi,
421 4625 445 4663 ‘t
455 4631 535 4692 001000
547 4617 606 4664 '5¹⁸
614 4618 725 4694 oenfflfu',
757 4641 797 4687 tie
808 4643 962 4689 absorbemur.
994 4641 1050 4697 Qut
1061 4642 1149 4688 ratione
1160 4641 1326 4689 trutanam
1337 4641 1386 4686 sin-

97 4693 134 4738 gre
146 4692 261 4737 reciproce
272 4688 300 4724 ut
310 4683 364 4726 cubr
374 4679 536 4756 drstaqttatum
547 4697 562 4729 a
573 4694 652 4729 centro
663 4683 725 4746 globi
758 4706 878 4768 gulosum,
886 4706 928 4768 quq
936 4704 1042 4753 mam
1051 4706 1129 4753 mmq,
1136 4707 1288 4768 quanqum
1296 4706 1321 4751 in
1328 4705 1386 4754 alim

98 4744 149 4804 (W
163 4743 217 4789 0⁰¹·
234 4748 255 4790 ¹·
271 4743 341 4804 1²¹⁰?-
359 4743 403 4790 lv·
419 4745 472 4793 hb·
488 4745 524 4806 l·)
758 4770 883 4818 exteriores
893 4769 964 4817 simul
975 4778 998 4817 et
1012 4786 1102 4832 semper
1113 4771 1261 4829 transferunt,
1278 4769 1341 4817 idem
1356 4771 1385 4818 sit

130 4829 164 4891 (Ὺ)
179 4834 190 4859 0
204 4833 236 4879 Ob
249 4832 359 4893 majorem
370 4848 439 4880 tuom
450 4837 596 4890 uelocitatem,
608 4834 650 4880 dcc.
678 4834 725 4881 l'e-
758 4832 871 4896 perpetui)
881 4845 966 4883 motus.
