3188 5444
201 507 253 571 viii
724 490 969 559 MONITUM.

202 661 271 725 sola
294 660 470 728 doctissimi
495 663 633 728 authoris
659 666 754 729 verba
770 668 879 752 jurare
904 667 1035 742 nolunt3
1066 667 1183 732 eximia
1204 688 1276 754 quae
1298 668 1331 732 in
1355 668 1500 735 Newtoni

201 794 469 879 propositionibus
498 795 597 862 latent
624 796 761 876 inventa,
800 797 976 863 deteximus
1012 811 1106 886 atque
1143 798 1313 863 evolvimus
1324 823 1333 876 3
1371 800 1499 866 tandem

201 920 275 987 clm
288 926 548 1011 praestantissima
562 927 616 992 illa
630 928 745 992 summi
766 926 825 991 viri
846 926 1002 1013 principia
1022 949 1088 990 non
1110 923 1212 990 soldm
1233 926 1416 1016 intelligere,
1442 929 1499 994 sed
1554 991 1558 999 .

200 1065 233 1117 et
257 1052 343 1116 illam
369 1076 465 1140 quam
492 1053 551 1118 sibi
579 1055 703 1140 aperuit
729 1055 771 1121 ad
796 1057 1010 1121 inventionem
1031 1056 1114 1120 viam
1136 1055 1301 1140 explorare
1322 1056 1498 1142 plurimrim

200 1184 416 1250 delectationis
431 1184 546 1250 habeat
560 1197 592 1251 et
606 1185 758 1265 utilitatis,
775 1185 916 1270 dispersa
935 1185 998 1250 huc
1019 1196 1052 1250 et
1072 1185 1148 1249 illuc
1168 1185 1329 1273 generalia
1350 1189 1497 1273 quaedam

198 1314 396 1400 problemata
409 1315 509 1380 lector
523 1316 668 1401 reperiet
715 1317 800 1382 Haec
815 1328 890 1382 sunt
903 1338 975 1404 quae
996 1315 1099 1382 facere
1121 1316 1287 1397 voluimus,
1311 1340 1375 1404 quo
1397 1321 1494 1398 exitu,

198 1441 297 1527 penes
311 1442 500 1508 benevolum
515 1443 666 1511 lectorem
680 1458 748 1512 esto
757 1446 924 1532 judicium.
969 1445 1023 1511 Ex
1034 1447 1122 1511 brevi
1133 1447 1188 1511 illo
1199 1452 1496 1516 commentariorum

198 1583 381 1639 nostrorum
403 1587 574 1661 prospectu
597 1574 672 1640 satis
697 1589 785 1662 patet
810 1599 889 1664 quos
914 1575 1006 1644 nobts
1032 1577 1168 1644 lectores
1193 1581 1406 1665 postulemus;
1436 1606 1496 1649 nec

196 1704 462 1788 praestantissimis
477 1703 705 1770 mathematicis
719 1725 778 1770 nec
793 1705 939 1793 imperito
955 1703 1219 1792 philosophorum
1232 1709 1329 1798 vulgo
1342 1731 1401 1775 nos
1420 1711 1496 1775 scri·

198 1838 272 1903 bere
291 1839 500 1925 profitemur3
523 1839 565 1903 ad
586 1836 716 1924 hujusce
738 1837 842 1924 open's
863 1837 1030 1902 lectionem
1051 1860 1105 1903 eos
1126 1838 1281 1904 duntaxat
1302 1839 1495 1906 admittimus

197 1968 252 2056 qui
266 1992 305 2033 ea
318 1990 390 2057 quoe
400 1970 467 2055 jam
482 1968 620 2033 diximus
635 1967 791 2033 elementa
803 1967 837 2029 in
851 1979 1002 2052 promptu
1016 1965 1143 2046 habent,
1166 1981 1199 2035 et
1212 1969 1268 2034 tali
1282 1970 1411 2056 insuper
1425 1973 1496 2058 pol·

195 2097 263 2164 lent
276 2098 390 2163 mentis
405 2097 482 2174 acie,
498 2110 535 2161 ut
549 2097 702 2184 longioris
723 2096 996 2161 demonstrationis
1018 2097 1081 2160 vim
1103 2112 1198 2187 atque
1220 2102 1331 2168 seriem
1355 2101 1493 2170 studiosi

195 2230 340 2316 persequi
355 2240 387 2294 et
401 2229 507 2293 animo
522 2225 791 2312 comprehendere
804 2227 936 2312 possint.

239 2364 293 2429 De
307 2362 421 2426 nostris
436 2361 669 2426 commentariis
684 2359 754 2425 haec
769 2357 844 2425 satis
858 2359 943 2425 dicta
957 2360 1028 2424 sint.
1068 2357 1187 2425 Verum
1201 2364 1353 2429 naturalis
1364 2367 1495 2453 aequitas

196 2507 228 2558 et
242 2493 481 2560 mathematicus
496 2492 616 2558 candor
629 2493 801 2578 postulant,
817 2506 853 2556 ut
867 2513 926 2556 nos
939 2489 1113 2576 plurimum
1124 2489 1241 2556 debere
1250 2492 1405 2560 fateamur
1418 2496 1494 2561 doc·

195 2623 322 2690 tissimis
344 2623 429 2700 viris,
453 2620 572 2689 Dav‘idi
596 2620 765 2709 Gregorio,
787 2618 994 2707 Varignonio,
1018 2616 1139 2683 Jacoho
1155 2619 1355 2700 Hermanno,
1378 2622 1495 2689 Joanni

197 2752 325 2830 Keillio,
342 2751 472 2837 aliisque
487 2739 605 2828 multis,
622 2748 676 2836 qui
691 2748 792 2813 varias
807 2747 1025 2812 Newtonianae
1041 2746 1256 2832 Philosophiae
1277 2763 1383 2836 partes
1405 2753 1495 2819 lucu.

194 2882 288 2949 lentis
310 2879 435 2965 scriptis
457 2877 663 2943 illustrarunt
716 2876 840 2943 Eidem
862 2876 1017 2963 oequitatis
1038 2887 1131 2965 atque
1152 2878 1353 2967 ingenuitatis
1378 2883 1449 2972 lege
1474 2909 1494 2949 a

193 3020 286 3085 nobis
300 3019 447 3110 religiose
462 3021 580 3086 factum
595 3030 652 3097 est,
668 3027 705 3081 ut
718 3038 773 3081 eos
788 3035 897 3079 omnes
911 3034 1047 3100 quorum
1062 3012 1169 3097 spoliis
1184 3012 1354 3100 aliquando
1368 3014 1493 3083 ditesci-

192 3176 274 3231 mus,
291 3153 637 3223 iucommeutariornm
658 3159 840 3214 nostrornm
861 3145 996 3211 decursu
1018 3143 1147 3209 honoris
1169 3145 1262 3212 must
1284 3149 1490 3216 nominemus.

192 3289 361 3354 Publicurn
376 3311 502 3377 quoque
521 3287 604 3376 grati
625 3283 722 3350 animi
743 3280 957 3346 testimonium
978 3278 1088 3344 deesse
1108 3278 1256 3344 nolumus
1282 3281 1399 3347 clariss.
1415 3284 1489 3352 Dm.

192 3421 221 3486 J.
235 3422 274 3486 L.
289 3420 482 3486 Calandrino
492 3419 525 3483 in
535 3413 708 3482 Academia
721 3411 902 3479 Genevensi
918 3409 1092 3476 Professori
1107 3409 1142 3474 in
1157 3411 1251 3476 rebus
1262 3412 1489 3480 mathematicis

190 3550 412 3627 versatissimo,
429 3549 483 3635 qui
498 3546 580 3612 hanc
593 3557 734 3610 nostram
750 3541 895 3607 Newtoni
911 3539 1142 3625 Principiorum
1157 3540 1327 3607 editionem
1342 3544 1489 3613 adornari

190 3679 310 3744 curavit
323 3678 365 3743 ad
379 3697 524 3742 normam
538 3672 779 3762 elegantissimae
793 3669 876 3736 illius
891 3668 1048 3749 editionis,
1064 3692 1136 3758 quae
1151 3671 1361 3740 additionibus
1381 3679 1488 3745 multis

188 3813 378 3898 locupletata
393 3809 533 3876 Londini
547 3808 666 3894 prodiit
680 3828 765 3873 anno
783 3812 875 3876 1726.
924 3805 1053 3871 Deinde
1067 3806 1101 3872 id
1116 3808 1175 3873 sibi
1189 3808 1305 3875 laboris
1320 3815 1486 3899 assumpsit

189 3946 237 4009 vir
253 3943 452 4010 doctissimus
475 3964 540 4005 non
561 3937 664 4004 solirm
686 3948 724 4002 ut
744 3935 904 4002 schemata
924 3934 1031 4013 incidi,
1055 3936 1118 4000 suis
1139 3935 1216 4000 locis
1239 3936 1372 4022 disponi,
1396 3954 1487 4028 typo-

187 4074 338 4164 graphica
351 4070 467 4138 menda
481 4068 597 4157 corrigi
612 4064 726 4132 sedulo
739 4064 926 4153 invigilaret,
943 4064 999 4130 sed
1014 4064 1108 4130 etiam
1122 4088 1160 4130 ea
1173 4089 1245 4154 quae
1261 4069 1328 4154 jam
1348 4072 1486 4137 laudavi.

189 4230 259 4272 mus
273 4207 448 4271 sectionum
463 4202 643 4268 conicarum
659 4200 815 4265 elementa
829 4198 1016 4282 composuit,
1032 4213 1064 4263 et
1078 4222 1149 4285 quae
1172 4224 1191 4265 a
1212 4204 1303 4268 nobis
1325 4226 1390 4269 non
1411 4208 1485 4271 satis

187 4336 351 4425 perspicue
366 4334 561 4425 videbantur!
568 4331 712 4417 exposita
725 4328 863 4415 propriis
878 4327 960 4392 notis
976 4329 1145 4416 aliquandi)
1159 4333 1332 4400 illustravit.
1364 4331 1367 4342 “

233 4470 309 4537 Hoc
323 4480 431 4532 nostro
447 4466 556 4530 labore
571 4462 714 4527 fruantur
728 4483 837 4525 rernm
852 4460 1141 4527 mathematicorum
1156 4466 1299 4532 cultores.

284 4631 368 4676 Rau
379 4627 404 4673 in
417 4624 486 4684 Regio
500 4623 618 4671 conanda
630 4621 691 4667 δ’δ’.
711 4617 838 4673 Trinitatis,

504 4708 575 4756 Anno
589 4707 657 4752 1739.
