3188 5444
151 484 215 543 an
323 525 326 532 .
454 428 792 543 anruosoamm
818 473 1089 544 sarnatus
1148 475 1259 558 [ua.
1276 475 1434 544 coam

150 648 206 713 det
218 656 321 711 motus
335 665 423 733 augis
437 666 477 710 ex
491 643 584 708 causd
599 643 730 730 utrique
745 644 944 728 conjunctim,
960 642 1039 708 adeo
1053 656 1088 708 ut
1101 664 1160 727 pro
1173 643 1266 730 hujus
1288 643 1343 709 vel
1361 642 1439 710 alte·

150 755 216 818 rius
239 774 369 818 excamu
390 751 609 839 progrediatur
631 751 699 835 ipsa
720 750 771 814 vel
794 750 997 837 regrediatur.
1043 749 1138 815 Unde
1160 772 1233 814 cum
1247 750 1294 814 vis
1311 750 1345 815 K
1360 750 1436 816 Lin

150 864 284 951 syzygiis
299 862 339 927 sit
353 862 440 947 qussi
456 860 553 944 duplo
567 862 666 945 major
679 882 772 944 quam
786 859 832 923 vis
848 858 878 923 L
894 857 933 923 M
948 859 980 922 in
994 858 1201 944 quadraturis,
1218 880 1365 924 excessus
1377 860 1435 924 erit

149 993 247 1057 penes
271 970 334 1033 vim
363 969 395 1033 K
411 969 450 1047 L,
475 967 698 1052 transieratque
723 988 835 1054 augam
860 967 893 1030 in
919 967 1145 1053 consequentia.
1189 967 1315 1033 Veritas
1329 981 1431 1033 autem

150 1078 243 1162 hujus
258 1088 289 1141 et
309 1076 512 1161 precedentis
536 1076 692 1140 corollarii
714 1075 833 1139 facilius
855 1075 1045 1163 intelligetur
1068 1075 1274 1161 concipiendo
1300 1090 1429 1164 system

151 1209 317 1271 corporum
332 1187 465 1251 duorum
481 1186 522 1263 T,
539 1186 567 1251 P
582 1185 763 1270 corporibus
778 1185 931 1269 pluribus,
951 1186 984 1264 S,
1001 1186 1035 1263 S,
1053 1188 1086 1263 S,
1102 1188 1159 1251 &c
1182 1186 1216 1249 in
1230 1187 1308 1252 orbe
1324 1185 1429 1252 ΕΗ

151 1295 399 1372 consistentibus,
417 1294 554 1380 undique
568 1293 662 1381 cingi.
707 1293 744 1378 (θ)
769 1292 913 1378 Namque
927 1292 1040 1356 borum
1055 1293 1228 1357 actionibus
1241 1294 1324 1359 actio
1336 1294 1425 1380 ipsius

152 1405 185 1468 T
199 1405 354 1470 minuetur
369 1404 516 1492 undique,
532 1403 749 1489 decrescetque
764 1403 796 1466 in
816 1403 936 1468 ratione
952 1403 1117 1490 plusquam
1140 1403 1298 1489 duplicati
1317 1403 1422 1469 distan-

191 2427 288 2495 Corol.
312 2435 342 2492 8.
366 2423 400 2511 (s)
425 2426 506 2492 Cum
526 2441 628 2493 autem
643 2433 777 2517 pendeat
791 2435 934 2521 apsidum
955 2459 1140 2528 progressus
1158 2441 1209 2508 vel
1230 2458 1398 2532 regressus·

148 2535 347 2600 decremento
361 2533 407 2597 vis
423 2536 603 2619 centripetae
617 2537 699 2603 facto
713 2541 745 2603 in
762 2543 872 2628 majori
887 2546 934 2610 vel
951 2547 1062 2610 minori
1087 2570 1180 2635 quam
1205 2548 1348 2637 duplicati
1365 2566 1398 2610 ra·

147 2643 233 2706 tione
248 2639 401 2704 distantioe
417 2639 449 2705 T
464 2640 500 2719 P,
517 2642 550 2704 in
564 2646 697 2710 transitu
711 2651 849 2734 corporis
863 2652 903 2716 nb
918 2653 1024 2738 apside
1039 2653 1099 2718 ima
1114 2655 1156 2719 ad
1182 2656 1317 2742 apsidem
1338 2672 1398 2721 mm·

149 2769 251 2825 mam3
274 2758 308 2810 ut
323 2759 354 2811 et
367 2769 387 2810 a
401 2746 493 2811 simili
507 2748 698 2817 incremento
712 2754 745 2817 in
759 2756 862 2822 reditu
876 2759 916 2823 ad
939 2760 1075 2844 apsidem
1102 2762 1221 2841 imam3
1242 2776 1329 2851 atque
1348 2757 1399 2825 ida

147 2856 301 2919 maximus
317 2854 357 2918 sit
371 2855 425 2918 ubi
439 2859 602 2941 proportio
616 2861 661 2925 vis
676 2862 708 2925 in
720 2865 824 2948 apside
836 2869 955 2932 summi
968 2868 1008 2932 sd
1018 2870 1081 2933 vim
1096 2871 1127 2933 in
1143 2872 1250 2956 apside
1262 2871 1318 2937 imt
1327 2862 1398 2936 mil·

147 2965 197 3029 me
209 2964 327 3029 recedit
342 2988 361 3029 a
375 2966 532 3050 duplicata
549 2969 668 3035 ratione
683 2971 898 3039 distantiarum
913 2964 1055 3043 indersd:
1078 2980 1278 3046 manifestum
1288 2967 1398 3064 eatqrd

147 3074 270 3158 apsides
286 3076 319 3137 in
333 3077 465 3177 syzygiis
480 3079 551 3155 suis,
567 3101 624 3163 per
639 3081 701 3144 vim
716 3083 886 3149 ablatitiam
900 3086 931 3150 K
943 3086 971 3150 L
982 3111 1037 3152 seu
1052 3087 1085 3153 N
1097 3088 1137 3153 M
1148 3090 1231 3154 -L
1242 3089 1290 3168 Μ,
1298 3101 1396 3177 PNK*

147 3266 180 3313 ria
192 3265 213 3312 P
224 3264 416 3322 revolutionibus,
428 3267 518 3315 catena
528 3268 629 3330 paribus,
641 3269 731 3331 apsidas
741 3287 778 3320 rc-
809 3275 925 3336 quantitas
942 3276 1044 3323 maxima
1062 3277 1142 3324 eradat
1159 3277 1201 3324 ubi
1219 3277 1263 3326 erit
1281 3275 1395 3327 HS·

147 3328 283 3392 gradientur
303 3344 344 3389 per
359 3329 445 3404 gradus
464 3332 614 3380 resolutionis
630 3336 732 3396 eorporis
751 3337 777 3393 P,
809 3339 871 3402 quod
884 3340 908 3386 in
919 3341 1063 3403 quadraturis
1073 3341 1193 3404 contingit.

150 3391 216 3448 1410,
229 3402 253 3439 et
263 3392 442 3455 progredientur
453 3411 494 3457 par
504 3395 569 3460 grad.
584 3402 638 3446 219.
843 3403 879 3467 (‘)
897 3409 910 3435 ⁸
929 3408 1038 3467 Namque
1053 3408 1134 3452 torum
1150 3407 1281 3460 authaldus,
1296 3405 1334 3453 dc
1359 3396 1396 3450 m

944 3467 1008 3515 enim
1019 3468 1109 3514 rarione
1120 3483 1203 3529 corpus
1215 3468 1238 3517 P
1248 3469 1290 3517 erit
1298 3460 1395 3529 amb
1461 3500 1465 3511 ι

944 3849 1104 3911 quadraturas,
1121 3851 1182 3898 aetio
1192 3851 1292 3912 corporis
1301 3850 1322 3899 'l'
1331 3848 1393 3897 ab*

945 3924 984 3959 tur
995 3913 1106 3975 undique,
1124 3912 1284 3978 damnataque
1293 3904 1393 3979 pdffi

782 3943 787 3984 l

784 4017 815 4089 B
862 4031 899 4098 M
946 4042 1008 4088 rr.

612 4178 622 4191 ,
695 4020 786 4210 j
976 4104 1008 4168 (Υ)
1027 4109 1040 4135 ⁸
1060 4089 1394 4168 Cumauamqncdll

939 4172 1148 4231 ytendeatopaidam
1156 4172 1395 4232 ,κοινωνίαν

784 3988 909 4018 ν--ι-
946 3978 1035 4024 ratione
1045 3978 1169 4040 pluaquam
1185 3977 1300 4042 duplicad
1312 3976 1395 4026 W

589 3776 604 3809 ·’
681 3792 711 3852 K
945 3786 1050 3833 addititia
1064 3786 1131 3839 Lm,
1143 3773 1394 3849 inquadrcttu'satff

687 4018 711 4083 Γ

631 4018 656 4088 Ν
681 4019 689 4037 U

635 4210 682 4286 ,D
943 4228 1396 4296 mandemmeatomcantn'pssfi*

179 4297 233 4368 504
255 4292 343 4342 Iisdem
355 4294 442 4356 positia,
454 4296 473 4343 si
484 4299 558 4344 orbita
571 4299 590 4346 C
604 4299 625 4346 P
638 4301 670 4356 D,
688 4300 774 4347 circulo
806 4303 831 4348 in
842 4299 922 4360 mpori
933 4301 966 4346 sel
976 4301 1059 4344 minori
1068 4298 1266 4371 quamduplicatti
1280 4301 1353 4346 nrau
1362 4288 1397 4336 f*

147 4352 294 4416 finitimasit,
306 4358 774 4420 eritrisaddititiaPT-Pn,maai-
805 4346 1397 4423 tenuiaTl’quaeaugstururrccsncatw'ls

146 4432 186 4466 ma
197 4419 222 4465 in
232 4422 387 4483 quadraturis.
423 4425 485 4472 Nam
497 4441 551 4472 cum
563 4426 591 4472 ait
602 4442 691 4486 semper
706 4428 771 4476 PT:
806 4428 853 4474 sire
863 4431 888 4474 in
898 4429 996 4474 transitu
1008 4428 1104 4486 corporis
1117 4424 1400 4487 Padnyna'dainid?

149 4518 254 4567 PK..
367 4544 373 4557 ·
484 4527 490 4540 .
572 4491 728 4559 „rw
804 4491 1173 4543 demrammom,utetoaimdi
1192 4486 1402 4538 mummi*

220 4525 1404 4617 *³PK·¹'¹²’‘¹¹²P¹¹·-1rf·›⁸⁰cmuadcenuumaivttnnuunoupibt

190 4661 196 4674 ,
587 4638 603 4679 3
617 4633 638 4680 1>
651 4634 699 4680 K²
805 4618 844 4665 mi
852 4621 882 4665 od
892 4621 992 4679 apsidem
1000 4622 1077 4690 inqu·
1087 4618 1274 4690 similganum
1282 4612 1406 4680 w

147 4661 772 4761 thT—rmH--P-f-,qua
805 4669 1408 4746 relregressuruapssdurnrnaarununsudu·b
