3202 5446
157 418 332 498 Danaum]
483 414 725 488 PRINCIPIA
748 424 1118 492 MATHEMATICA.
1422 444 1442 505 7
1514 484 1516 498 ,

155 598 233 680 quod
247 621 385 684 corpora
399 600 505 664 omnia
519 602 663 667 cadentia
681 606 808 692 (gravia
822 629 863 670 au
878 607 966 685 levia,
989 631 1105 696 magna
1125 632 1166 673 an
1187 612 1295 694 parva)
1320 614 1440 680 sublata

154 709 227 774 aeris
242 709 434 789 resistentia,
451 712 610 798 aequaliter
624 715 785 779 accelerat

583 906 830 972 nummum
859 909 953 974 vni.
978 909 1011 993 (¹)

156 1057 205 1120 Vis
219 1059 398 1140 cmtrrpetae
422 1060 576 1140 quantitas
600 1061 711 1121 matria
735 1070 778 1123 est
801 1063 894 1142 ipsius
918 1084 1053 1124 mensura
1072 1069 1313 1146 proportionalis
1336 1075 1437 1149 motui,

339 1168 342 1173 ’
566 1188 649 1249 quem
665 1169 736 1230 dato
750 1177 880 1250 tempore
891 1179 1026 1252 generat.

192 1292 248 1357 Uti
263 1290 391 1376 pondus
407 1292 506 1375 majus
522 1291 553 1354 in
569 1293 687 1376 majore
702 1314 845 1377 corpore,
862 1296 964 1358 minus
987 1296 1019 1358 in
1038 1297 1178 1374 minore;
1202 1312 1233 1364 et
1254 1302 1286 1364 in
1308 1325 1439 1388 corpore

151 1398 257 1463 codem
272 1400 376 1483 majus
391 1418 493 1482 prope
510 1412 636 1473 terram,
653 1399 755 1462 minus
770 1401 803 1463 in
819 1401 916 1465 coelis.
963 1403 1046 1466 Haec
1061 1406 1216 1489 quantitas
1239 1422 1286 1472 est
1300 1413 1439 1495 corporis

153 1506 239 1569 totius
255 1505 497 1589 centripetentia
512 1527 565 1568 seu
580 1507 748 1589 propensio
763 1507 795 1569 in
811 1522 963 1586 centrum,
987 1523 1018 1572 et
1041 1514 1088 1594 (ut
1103 1512 1146 1574 ita
1160 1512 1274 1595 dicam)
1297 1517 1439 1599 pondus3

150 1624 180 1675 et
192 1611 360 1675 innotescit
375 1632 501 1694 semper
516 1634 573 1695 per
587 1613 649 1675 viru
665 1613 726 1696 ipsi
742 1615 929 1678 contrariam
952 1628 983 1678 et
1004 1618 1165 1702 aequalem,
1189 1621 1249 1704 quia
1272 1621 1440 1690 descensus

153 1720 288 1802 corporis
301 1719 450 1804 impediri
463 1731 576 1802 potest.

197 1830 305 1894 Hasce
319 1813 431 1893 virium
446 1831 633 1916 quantitates
648 1831 807 1896 brevitatis
822 1833 923 1920 gratia
937 1833 1097 1897 nominare
1108 1834 1181 1898 licet
1192 1835 1272 1900 vires
1284 1838 1438 1918 motrices,

158 1939 391 2017 acceleranices,
420 1953 451 2004 et
475 1939 650 2018 absolutas3
680 1957 713 2005 et
737 1941 943 2005 distinctionis
968 1944 1068 2030 gratia
1091 1943 1205 2008 referre
1231 1945 1271 2008 ad
1297 1970 1439 2032 corpora,

158 2062 294 2113 centrum
308 2051 455 2134 petentia,
473 2050 514 2114 ad
528 2073 695 2136 corporum
709 2052 789 2129 loca,
806 2051 892 2116 etad
907 2065 1052 2116 centrum
1067 2052 1197 2116 virium:
1220 2055 1367 2119 nimirum
1378 2058 1440 2121 vim

158 2158 312 2222 matricem
335 2157 376 2221 ad
398 2180 521 2242 corpus,
544 2173 693 2246 tanquam
715 2173 861 2223 conatum
883 2160 977 2222 totius
1000 2159 1033 2222 in
1056 2173 1196 2224 centrtun
1218 2184 1259 2225 ex
1280 2164 1441 2229 conatibus

156 2265 289 2330 omnium
305 2265 443 2350 partium
458 2265 685 2349 compositum3
708 2278 740 2330 et
754 2266 817 2328 vim
833 2265 1081 2330 acceleratricem
1103 2267 1144 2330 ad
1165 2267 1269 2330 loctun
1291 2272 1441 2355 corporis,

154 2397 297 2467 tanquam
312 2379 484 2443 efficaciam
499 2380 666 2467 quandam,
683 2379 723 2444 de
739 2392 848 2444 centro
863 2403 921 2464 per
935 2380 1004 2443 loca
1019 2380 1141 2468 singula
1156 2381 1189 2443 in
1203 2382 1333 2446 circuitu
1352 2382 1443 2446 diffu-

152 2509 221 2565 sam,
237 2486 453 2552 admovenda
468 2509 600 2571 corpora
622 2509 692 2573 quae
714 2486 748 2550 in
770 2487 845 2571 ipsis
875 2499 968 2563 sunt3
991 2487 1053 2550 virn
1077 2500 1179 2551 autem
1204 2488 1376 2553 absolutam
1402 2491 1443 2555 ad

153 2608 300 2673 centrum,
317 2608 470 2681 tanquam
484 2617 578 2658 causa
592 2594 695 2682 aliqua
708 2594 889 2679 praeditum,
900 2595 967 2658 sine
976 2594 1037 2680 qud
1048 2594 1128 2658 vires
1137 2580 1283 2660 motrices
1294 2619 1357 2660 non
1368 2620 1456 2688 pro-0
1524 2638 1527 2644 ·

153 2718 306 2793 pagantur
320 2727 379 2789 per
395 2704 538 2791 regiones
554 2705 587 2767 in
604 2705 755 2781 circuitu3
779 2705 843 2768 sive
859 2727 952 2769 causa
967 2705 1021 2768 illa
1036 2705 1075 2768 sit
1089 2727 1202 2790 corpus
1224 2707 1349 2794 aliquod
1369 2730 1442 2772 cen-

153 2882 215 2930 iaitio
233 2883 315 2930 motus
334 2892 440 2942 ternpore
459 2881 529 2944 quim
549 2882 648 2929 minimo
669 2882 782 2943 producta
813 2880 929 2929 dtisvant
939 2882 1061 2943 propagari
1071 2892 1222 2942 supponatur,
1239 2882 1359 2930 autetiam
1370 2882 1390 2930 si
1401 2899 1442 2944 per

153 2948 314 3003 omsideretur,
326 2957 384 2993 tunc
395 2947 458 2992 enirn
470 2948 504 2993 vis
515 2948 564 3008 agit
575 2947 728 2993 uniformiter.
788 2945 791 2953 '
813 2946 885 2993 lineas
896 2962 977 2993 curvas
987 2946 1087 2992 diffundi
1099 2946 1208 3009 fingatur.
1244 2947 1289 2993 Sed
1300 2948 1351 2994 haec
1366 2947 1441 2995 lusiiu

183 3017 219 3059 1⁴.
239 3013 264 3059 Si
285 3012 320 3057 ris
339 3010 417 3072 aliqua
437 3027 478 3070 per
496 3010 573 3057 radios
594 3011 738 3072 divergentes
756 3010 780 3056 in
813 3011 920 3071 prosequi
933 3011 1109 3070 prasentisnon
1121 3010 1272 3057 estiustituti.

154 3076 226 3122 medio
236 3092 285 3122 non
297 3076 417 3122 redsteute
429 3074 580 3130 difl'undatur,
590 3075 624 3121 vis
633 3075 778 3122 accelmtrix
847 3074 878 3137 (¹)
898 3079 933 3122 15.
955 3074 1024 3121 srvis
1040 3075 1167 3134 centripeta
1184 3075 1208 3120 in
1225 3090 1319 3134 corpore
1337 3075 1367 3122 ad
1385 3091 1440 3122 cen·

154 3139 258 3186 amatu
280 3140 305 3186 in
327 3139 417 3187 ratione
439 3137 557 3198 duplicati
577 3139 738 3186 distantiarum
765 3154 780 3185 a
812 3148 875 3184 trum
887 3139 997 3198 propulso
1008 3137 1181 3197 consideratum
1199 3148 1300 3185 uttotus
1316 3139 1441 3186 illiuscor.

154 3215 244 3260 renum
261 3219 318 3250 uam
336 3203 392 3264 quia
410 3202 445 3248 vis
464 3203 512 3255 illa,
532 3204 637 3264 enhyp,
657 3204 682 3249 in
701 3204 779 3250 medio
812 3203 874 3262 poris
896 3204 920 3248 in
941 3213 1047 3249 centrum
1069 3213 1166 3249 conatus
1187 3219 1228 3249 seu
1250 3203 1284 3249 vis
1308 3203 1440 3263 centripetra

156 3281 198 3314 tan
218 3268 342 3315 resistente
364 3283 379 3326 p
454 3277 513 3323 atur,
535 3266 616 3314 nullus
637 3267 782 3326 intercipitur
812 3267 928 3327 quantitas
937 3267 1022 3313 monia
1032 3268 1150 3322 habeatur,
1162 3266 1270 3313 ducenda
1279 3277 1314 3313 est
1323 3283 1398 3314 massa
1414 3268 1440 3315 in

155 3332 235 3387 radios,
255 3347 301 3378 nec
320 3331 355 3377 vis
373 3330 441 3410 sinpu
466 3346 519 3377 rum
538 3332 658 3386 minuitur,
678 3331 781 3393 adedque
813 3331 859 3376 vim
871 3330 1070 3388 acceleratricem;
1087 3346 1141 3377 nam
1153 3331 1186 3377 vis
1201 3332 1285 3377 motrix
1302 3332 1373 3378 totius
1389 3346 1439 3377 cor-

156 3396 259 3457 radiiqui
272 3395 298 3441 in
309 3395 419 3442 distantia
432 3396 454 3442 Τ
465 3395 494 3449 L,
512 3411 552 3454 per
563 3395 749 3454 hemispherium
767 3410 782 3441 a
813 3395 875 3454 poris
896 3394 1043 3455 componitur
1064 3409 1092 3441 ex
1114 3395 1223 3441 omnibus
1243 3395 1337 3451 vinias,
1355 3397 1441 3457 quibus

155 3460 298 3508 semicirculo
319 3460 344 3506 D
358 3459 379 3505 1,
393 3459 413 3506 C
429 3460 567 3518 descriptum
585 3459 780 3510 diffundebantur.
815 3457 909 3520 singula
919 3458 1016 3520 equalis
1026 3458 1141 3505 elementa
1152 3469 1273 3522 urgentur,
1290 3459 1394 3520 adeoque
1410 3475 1439 3505 ex

154 3522 176 3569 in
191 3524 299 3571 &aaut
329 3524 352 3570 T
364 3523 398 3577 K,
411 3536 452 3580 per
470 3523 658 3583 hemispherium
679 3523 702 3569 Ε
716 3523 740 3570 K
754 3523 781 3570 H
814 3522 1004 3570 viaccelerntrice
1015 3522 1082 3569 toties
1092 3522 1184 3583 sumpti
1199 3533 1257 3584 quot
1272 3533 1327 3569 sunt
1344 3523 1369 3568 in
1388 3538 1439 3570 cor·

154 3599 326 3650 propugnatum
345 3597 379 3633 est
390 3598 468 3634 autern
480 3588 514 3632 vis
525 3586 670 3633 acceleratrix
681 3597 708 3633 nt
718 3586 779 3633 radi·
811 3602 867 3646 pore
877 3586 975 3648 aqualia
985 3586 1087 3632 materiae
1098 3586 1218 3637 elementa.
1235 3587 1283 3633 sive
1294 3602 1321 3633 ex
1333 3587 1354 3630 vi
1365 3587 1439 3634 accel-

153 3667 217 3698 orum
228 3652 339 3708 densitas,
350 3660 374 3697 et
384 3652 503 3698 radiomrn
514 3650 615 3697 densitas
630 3661 664 3698 est
680 3652 779 3710 recipro·
813 3651 909 3698 oratrice
924 3651 949 3696 in
964 3665 1063 3696 massam
1079 3649 1156 3698 ducti.
1201 3651 1359 3710 Supponimus
1374 3652 1438 3698 enim

152 3715 177 3762 ci
187 3725 214 3762 ut
229 3715 365 3776 superficies
380 3715 593 3775 hemisphaenomm
604 3731 619 3761 a
628 3715 779 3761 semicirculis
810 3715 904 3777 singula
914 3713 1027 3761 elementa
1038 3714 1142 3775 equalis,
1155 3713 1237 3776 aquali
1248 3715 1270 3760 vi
1282 3714 1439 3762 acceleratrica

153 3779 332 3840 descriptorum
356 3794 411 3825 nam
432 3779 550 3826 radiorum
572 3778 672 3826 densitas
694 3789 728 3825 est
753 3789 780 3826 ut
812 3779 897 3840 urgeri.
934 3778 1180 3826 Sedvisacceleratrix
1191 3788 1262 3826 estut
1272 3778 1438 3826 celeritasdato

153 3859 242 3890 summ
252 3860 294 3890 rea
311 3858 424 3890 numerus
441 3843 559 3890 radiorum
578 3858 619 3902 per
636 3842 781 3904 superficiem
814 3852 918 3902 ternpore
929 3843 1007 3904 genita
1019 3843 1081 3905 (18),
1098 3840 1155 3904 ergo
1170 3843 1204 3888 vis
1220 3842 1352 3901 centripetoe
1363 3858 1437 3904 quan-

153 3922 220 3967 tptam
231 3918 348 3967 occupant
357 3907 458 3965 divisum
475 3905 514 3953 hic
524 3908 587 3953 enirn
598 3923 690 3953 summa
706 3907 780 3953 radio-
813 3907 867 3953 titas
877 3907 960 3953 matria
980 3916 1015 3952 est
1032 3917 1060 3953 ut
1077 3922 1153 3952 massa
1171 3906 1195 3952 in
1215 3906 1279 3952 illam
1297 3907 1437 3956 celeritatem

154 3986 202 4017 nnn
213 3982 250 4019 est
260 3983 288 4019 ut
297 3987 379 4025 massa,
392 3971 525 4031 superficies
536 3969 590 4018 verd
601 3971 639 4018 cui
658 3971 738 4017 insunt
754 3981 781 4018 ut
813 3972 890 4027 ducta,
902 3987 943 4017 seu
955 3981 982 4017 ut
991 3970 1107 4031 quantitas
1117 3969 1201 4026 mottls,
1210 3969 1265 4017 dato
1274 3981 1378 4030 tempore
1384 3987 1437 4031 pro.

154 4036 267 4083 volumen.
301 4035 392 4082 Verum
403 4051 457 4082 cum
469 4037 585 4096 perhyp„
597 4036 658 4082 idem
670 4050 782 4081 numerus
814 4035 890 4081 ducta.
928 4035 952 4081 Si
971 4034 1043 4096 igitur
1062 4034 1096 4080 vis
1114 4033 1261 4081 acceleratrix
1280 4033 1375 4092 dicatur,
1395 4037 1436 4093 (ἲς

154 4100 269 4147 radiorum
290 4098 424 4159 superficies
442 4099 590 4161 singulorum
609 4099 781 4159 hemisphaerio·
813 4114 894 4152 massa.
910 4100 944 4152 Μ,
962 4098 996 4144 tia
1005 4098 1096 4154 motrix,
1108 4115 1131 4158 p,
1143 4098 1186 4144 erit
1196 4114 1217 4158 p.
1231 4107 1263 4152 ut,
1277 4098 1305 4145 Μ
1319 4099 1351 4157 G,
1362 4110 1386 4147 et
1398 4101 1436 4157 M,

154 4178 202 4209 rum
213 4175 319 4224 occupet
337 4163 381 4210 erit
397 4163 498 4210 densitas
515 4163 633 4210 radiorum
650 4163 675 4209 in
692 4165 780 4209 muana
814 4174 840 4209 ut
851 4179 883 4223 p:
901 4164 931 4216 G.
943 4172 966 4210 et
979 4164 1010 4220 G,
1023 4172 1049 4209 ut
1060 4179 1092 4222 p:
1108 4163 1144 4214 Μ,
1161 4179 1201 4209 seu
1213 4177 1288 4208 massa
1306 4174 1341 4210 est
1359 4173 1386 4210 nt
1403 4164 1437 4211 vis

153 4227 238 4276 imeras
249 4229 343 4274 illarum
355 4227 528 4287 mputicierum
545 4227 569 4273 in
585 4227 667 4289 quivis
676 4244 691 4274 a
700 4237 780 4274 centro
813 4228 896 4273 matrix
908 4243 949 4287 per
960 4227 1006 4273 vim
1017 4227 1198 4274 acceleratricem
1213 4225 1293 4284 diuisa,
1309 4237 1333 4274 et
1348 4228 1383 4274 vis
1398 4243 1437 4274 ac»

153 4291 258 4340 &nandi
277 4292 461 4352 descriptarum
484 4291 530 4337 illoe
549 4302 628 4337 autem
646 4290 778 4351 superficies
810 4292 936 4347 celeratur,
948 4301 975 4337 ut
986 4291 1019 4337 vis
1028 4291 1112 4337 matrix
1129 4306 1170 4350 per
1185 4305 1284 4336 massam
1300 4289 1379 4338 divisa.
1412 4295 1436 4339 Sl

153 4370 205 4402 sunt
215 4359 240 4403 in
251 4357 341 4404 ratium
352 4355 471 4415 duplione
486 4355 647 4402 distantiarum
658 4367 776 4411 acentro;
811 4355 864 4402 dure
876 4355 963 4402 suerint
974 4356 1033 4402 vires
1042 4355 1149 4401 matrices
1161 4353 1183 4401 P
1193 4363 1217 4401 et
1227 4370 1251 4414 p,
1268 4371 1309 4402 seu
1322 4357 1349 4402 Μ
1365 4358 1396 4408 G,
1413 4367 1438 4405 et

153 4419 239 4481 «gdet
249 4423 284 4467 vis
300 4420 446 4468 acceleratrix
463 4428 497 4466 eat
516 4420 540 4466 in
557 4421 646 4466 maone
661 4419 779 4479 duplicati
810 4434 834 4464 m
845 4436 868 4480 g.
881 4420 987 4482 aquales,
1004 4419 1048 4467 erit
1059 4420 1086 4466 Μ
1100 4438 1105 4466 :
1119 4434 1144 4464 m
1154 4437 1189 4463 =
1199 4434 1233 4480 g:
1251 4419 1284 4479 G,
1299 4437 1340 4466 seu
1355 4435 1437 4468 masse

153 4484 428 4532 dimanarumacentro
444 4484 563 4543 reciproce.
600 4485 731 4546 Egregium
751 4485 779 4531 il·
812 4494 867 4530 sunt
882 4494 910 4530 ut
926 4484 984 4530 vires
1003 4482 1171 4531 acceleratrices
1188 4483 1320 4544 reciproce3
1337 4494 1361 4530 et
1376 4483 1436 4532 vice·

154 4548 192 4595 lud
203 4551 328 4601 theorema.
341 4560 368 4595 ut
378 4564 407 4595 ex
424 4548 619 4595 demonstratione
638 4559 709 4609 patet,
728 4564 778 4595 om·
812 4547 883 4604 versi,
895 4549 914 4593 si
926 4549 955 4596 M
967 4566 972 4595 ι
986 4564 1011 4594 m
1021 4568 1056 4593 =
1064 4563 1098 4610 g:
1114 4548 1145 4601 G.
1158 4547 1299 4610 eritmg=
1309 4548 1336 4594 Μ
1352 4547 1383 4603 G,
1395 4563 1437 4596 seu

154 4627 203 4659 rtem
219 4613 324 4660 excludit
343 4613 414 4659 medii
435 4612 602 4670 resistentiam
619 4624 690 4674 quare
709 4621 736 4657 ut
754 4613 779 4658 in
811 4611 1213 4672 simassaesuntreciprocentvires
1220 4611 1437 4667 acceleratricewi·

155 4677 345 4738 phyn'cisvalcat,
362 4672 434 4723 medii
454 4675 581 4723 resistentia
599 4677 623 4722 in
642 4687 780 4736 computum
812 4676 1138 4738 rasmotricessuntoequales.
1161 4675 1437 4723 l‘orrdcumviresacca·

154 4743 228 4787 'mue
238 4742 316 4788 debet.
354 4741 416 4788 llaec
426 4751 506 4787 autern
524 4739 606 4785 virium
622 4757 663 4787 seu
682 4741 780 4803 qualite·
813 4741 927 4788 leratrices
937 4741 983 4787 sint
995 4750 1022 4787 ut
1032 4740 1157 4788 celeritates
1168 4741 1222 4787 dato
1232 4750 1336 4795 tempore
1350 4739 1437 4800 genitas

155 4815 226 4853 turne
241 4817 322 4852 cantro
338 4805 498 4852 emanantium
518 4804 605 4850 theoria
623 4804 653 4852 ad
670 4805 781 4867 majorem
814 4811 877 4868 (13),
890 4805 913 4850 in
924 4805 1078 4864 superioribus
1089 4806 1273 4864 proportionibus
1288 4802 1340 4848 loco
1352 4801 1436 4850 virium

156 4870 350 4919 uniscunlitatem
362 4867 439 4916 reduci
451 4878 532 4930 potest,
541 4867 601 4915 siris
609 4868 634 4915 in
642 4868 739 4932 singulis
745 4885 790 4974 nit
813 4871 996 4918 acceleraturum
1016 4869 1141 4917 celeritates
1152 4868 1198 4915 illu
1209 4866 1314 4916 substitui
1331 4879 1434 4927 iuuant.
