3188 5444
181 515 242 574 570
479 492 822 561 PHILOSOPHIAE
845 491 1123 560 NATURALIS
1174 490 1291 574 [Mon.
1304 489 1453 557 Couror.

157 673 348 758 Exemplum
361 669 515 735 habemus
529 671 563 732 in
578 670 761 754 corporibus
776 668 970 757 magneticis.
1016 668 1146 733 Horum
1168 667 1273 732 virtus
1295 666 1451 732 aumctira

155 781 339 847 terminatur
353 777 419 842 fere
434 778 467 840 in
482 777 530 840 sui
544 779 669 864 generis
685 779 869 864 corporibus
885 779 945 842 sibi
959 778 1122 862 proximis.
1169 777 1335 866 Magnetis
1360 779 1448 841 virtus

152 915 209 979 per
223 891 440 977 interpositam
461 888 610 953 laminam
624 889 698 954 ferri
714 889 920 969 contrahitur,
942 890 1021 955 etin
1035 887 1153 953 lamini
1169 886 1236 952 fere
1259 889 1446 954 terminatam

124 1072 127 1078 ,
155 1002 238 1069 Nam
253 1024 386 1088 corpora
401 1000 550 1065 ulteriora
563 1023 628 1065 non
643 1015 708 1066 tam
722 1025 742 1065 a
755 1017 901 1088 magnete
916 1023 1010 1088 quam
1024 1023 1044 1063 a
1054 999 1171 1064 laminir
1187 997 1368 1063 trahuntur.
1399 997 1445 1062 Ad

151 1113 287 1179 eundern
302 1113 434 1177 modum
450 1113 476 1176 si
490 1112 653 1197 particulae
667 1111 779 1198 fugant
792 1112 868 1177 alias
882 1113 946 1176 suis
954 1111 1077 1199 generis
1092 1107 1267 1196 particulas
1283 1108 1344 1172 sibi
1357 1130 1444 1193 prox·

150 1223 240 1300 imas,
262 1224 297 1286 in
311 1222 480 1306 particulas
495 1234 601 1286 autem
615 1222 799 1286 remotiores
821 1223 968 1287 virtutem
990 1219 1112 1286 nullam
1132 1231 1318 1297 exerceant,
1342 1241 1379 1282 ex
1392 1217 1443 1282 bu-

147 1330 288 1415 jusmodi
301 1330 463 1416 particulis
478 1342 707 1415 componentur
721 1332 819 1396 fluida
833 1331 873 1396 de
889 1333 1003 1418 quibus
1017 1344 1124 1396 actum
1138 1342 1189 1395 est
1202 1330 1240 1393 in
1256 1328 1319 1394 hic
1335 1327 1441 1414 Propo

151 1440 273 1505 sitione·
319 1439 418 1516 Quod
444 1441 471 1504 si
496 1441 659 1525 particulae
688 1443 838 1530 cujusque
867 1445 966 1509 virtus
994 1445 1028 1509 in
1057 1443 1220 1508 infinitum
1250 1455 1439 1529 propagetur,

151 1549 276 1638 (¹)opus
291 1552 351 1616 erit
364 1552 396 1616 vi
410 1553 523 1638 majori
537 1553 577 1617 ad
593 1553 746 1640 oequalem
758 1555 1036 1620 condensationem
1050 1555 1180 1640 majoris
1188 1553 1374 1641 quantitatis
1381 1551 1438 1615 flui-

149 1663 192 1728 di.
236 1664 290 1727 An
311 1686 387 1728 vero
408 1664 506 1729 fluida
528 1665 654 1729 clastioa
675 1688 716 1730 ex
738 1667 898 1750 particulis
914 1691 947 1732 se
965 1681 1076 1732 mutuo
1090 1665 1277 1754 fugantibus
1299 1674 1436 1737 oonstont,

36 1848 40 1855 .
150 1775 281 1860 quaestio
294 1774 424 1863 physica
440 1788 496 1840 est.
542 1776 612 1840 Nos
626 1777 850 1862 proprietatem
872 1778 1040 1843 fluidorum
1056 1800 1097 1842 cx
1112 1776 1273 1863 ejusmodi
1293 1773 1436 1861 partialis

149 1883 359 1947 constantium
374 1883 593 1949 mathematice
608 1885 900 1966 demonstravimus,
923 1899 959 1951 ut
972 1885 1170 1972 philosophis
1184 1907 1299 1951 ansam
1311 1884 1434 1971 probe

150 2017 220 2059 mus
235 1997 442 2081 quaestionem
456 1997 543 2061 illam
557 1997 721 2063 tractandi.

181 2193 213 2256 (¹)
226 2198 239 2225 ⁶
254 2196 558 2258 Oputeritoimqiori,&c.
594 2196 651 2244 Non
663 2196 726 2245 enim
743 2212 781 2245 so·
814 2193 1230 2259 mmvueritsuperandnquatu
1244 2188 1429 2259 Hypliniffl·

148 2256 199 2304 lum
210 2257 325 2308 vincenda
335 2262 378 2308 erit
389 2277 431 2322 per
441 2260 637 2322 compressionem
650 2263 685 2308 vir
695 2261 781 2309 oentri·
814 2271 866 2310 tum
878 2271 1024 2324 propagatur.

147 2321 207 2385 tuga
217 2323 384 2384 particularum
403 2325 568 2386 proximarum,
586 2323 626 2372 sed
639 2336 663 2374 et
673 2325 781 2375 remotio·
