3202 5446
162 515 276 579 Lrsrrt
294 513 460 616 Saeuum]
485 511 728 578 PRINCIPIA
752 509 1123 578 MATHEMATICA.
1386 525 1443 583 735

158 689 320 775 sphaerica,
336 687 547 751 movebuntur
561 685 724 772 particulae
738 688 771 750 in
786 686 875 750 lineis
886 708 950 749 non
961 684 1165 750 cuculambus
1176 685 1232 750 sed
1243 684 1455 752 conformibus

158 797 262 861 eidem
274 796 355 859 vasis
367 795 489 882 figimur,
502 806 534 858 et
544 806 687 877 tempora
696 792 856 878 periodica
867 805 959 857 erunt
970 806 1005 858 ut
1013 792 1165 879 quadrata
1175 792 1379 858 mediocrium
1391 795 1454 858 dis·

160 906 328 970 tantiamm
343 927 362 968 a
376 915 486 968 centro
500 924 595 988 quam
607 902 760 988 proximi.
796 902 835 967 ln
849 900 991 988 partibus
1006 902 1088 966 inter
1102 913 1244 965 centrum
1252 913 1284 965 et
1292 900 1454 965 circunde-

163 1017 304 1092 rentiam,
320 1015 376 1079 nbi
389 1013 501 1078 latiora
514 1024 588 1077 sunt
602 1014 711 1098 spatia,
724 1012 877 1077 tardiores
887 1022 979 1077 erunt
987 1024 1102 1089 motus,
1112 1009 1165 1075 ubi
1176 1011 1357 1098 angustiora
1368 1011 1453 1075 velo-

156 1125 256 1188 ciores
268 1121 302 1209 (f)
315 1142 422 1207 neque
433 1133 537 1185 tamen
544 1100 712 1206 particulae
722 1119 893 1184 velociores
904 1131 1011 1206 petent
1021 1117 1311 1183 circumferentiam.
1350 1119 1453 1184 Arcus

156 1233 240 1298 euim
254 1229 433 1295 describent
447 1229 550 1292 minus
564 1249 686 1306 curvos,
708 1241 740 1293 et
755 1241 887 1293 conatus
901 1228 1070 1293 recedendi
1085 1251 1104 1292 a
1129 1239 1238 1293 centro
1263 1250 1328 1293 non
1348 1230 1452 1294 minus

155 1339 348 1403 diminuetur
362 1334 668 1422 perdecrementum
682 1335 776 1422 hujus
792 1348 978 1414 curvatura,
995 1334 1092 1422 quim
1106 1335 1272 1425 augebitur
1282 1357 1340 1420 per
1350 1335 1452 1401 incre-

156 1461 300 1513 mentum
314 1446 496 1512 velocitatis.
543 1445 711 1535 Pergendo
726 1469 745 1509 a
760 1447 866 1531 spatiis
881 1444 1115 1534 angustioribus
1130 1446 1163 1508 in
1178 1446 1288 1510 latiora
1303 1445 1452 1510 recedent

156 1560 251 1646 paulo
272 1559 397 1647 longius
419 1581 439 1622 a
460 1569 579 1636 centro,
602 1556 657 1622 sed
671 1557 732 1622 isto
746 1580 871 1622 recessu
885 1556 1080 1632 tardesoent3
1104 1569 1136 1621 et
1150 1555 1328 1620 accedendo
1342 1568 1452 1641 postea
1476 1623 1480 1630 ,

155 1667 196 1732 de
210 1667 372 1731 latioribus
387 1666 428 1731 ad
443 1665 624 1754 angustiora
638 1664 905 1743 accelerabuntur,
928 1678 960 1730 et
975 1664 1020 1729 sic
1034 1685 1092 1748 per
1113 1664 1196 1727 vices
1222 1663 1400 1729 tardesceut
1421 1675 1453 1728 et

157 1778 414 1845 accelerabuntur
428 1777 593 1865 particula
608 1776 740 1865 singulae
755 1777 788 1840 in
802 1787 1001 1862 perpetuum.
1036 1775 1074 1859 (⁸)
1092 1773 1176 1838 Haec
1190 1773 1234 1838 ita
1248 1771 1452 1838 rehabebunt

154 1888 188 1951 in
203 1911 276 1953 vase
294 1887 410 1976 rigido.
454 1886 538 1950 Nam
552 1884 701 1950 influido
717 1883 840 1947 infinito
855 1881 1036 1947 constitutio
1050 1879 1204 1944 vorticum
1217 1879 1385 1945 innotescit
1392 1903 1450 1966 per

158 1996 387 2081 Propositionis
403 1994 495 2080 hujus
512 1992 723 2057 Corollarium
738 2006 872 2056 sextum.

200 2107 411 2191 Proprietates
426 2117 533 2170 autem
546 2103 700 2169 vorticum
716 2104 776 2169 hic
792 2101 1011 2188 Propositione
1025 2101 1213 2190 investigare
1227 2115 1356 2167 conatus
1370 2126 1448 2183 sum,

154 2229 190 2280 ut
202 2228 414 2301 pertentarem
429 2216 456 2280 si
470 2213 532 2302 qui
548 2215 668 2279 ratione
683 2214 892 2300 phaenomena
906 2213 1045 2277 coelestia
1065 2236 1123 2298 per
1143 2213 1277 2278 vortices
1302 2212 1451 2298 explicari

153 2326 284 2410 possint
330 2324 414 2389 Nam
428 2323 660 2410 phaenomenon
676 2336 734 2401 est,
752 2323 837 2410 quod
852 2324 1050 2409 planetarum
1066 2324 1149 2388 circa
1162 2324 1274 2392 Jovem
1289 2324 1451 2390 revolven-

153 2434 231 2498 tium
246 2447 389 2518 tempora
402 2431 563 2518 periodica
578 2433 697 2497 suntin
711 2433 833 2497 ratione
848 2430 1066 2518 sesquiplicati
1082 2432 1300 2498 distantiarum
1313 2457 1333 2498 a
1343 2446 1452 2499 centro

153 2541 260 2618 Jovis3
282 2554 313 2606 et
328 2539 437 2606 eadem
453 2539 562 2626 regula
577 2540 698 2604 obtinet
712 2539 745 2603 in
767 2539 901 2624 planetis
926 2539 980 2624 qui
1002 2539 1086 2603 circa
1111 2538 1217 2604 Solem
1239 2540 1449 2605 revolvuntur.

154 2649 308 2715 Obtinent
325 2661 431 2715 autem
444 2648 496 2713 hae
510 2649 630 2737 regulae
644 2649 678 2713 in
691 2648 827 2734 planetis
842 2648 985 2734 utrisque
1000 2670 1096 2733 quam
1110 2647 1350 2728 accuratissime,
1374 2647 1452 2736 qui·

152 2775 243 2826 tenus
258 2760 493 2826 observationes
508 2760 727 2825 astronomicae
740 2759 892 2824 hactenus
903 2757 1083 2844 prodidere.
1128 2758 1269 2847 Ideoque
1279 2762 1304 2825 si
1315 2760 1450 2845 planetae

151 2871 232 2935 illia
244 2873 413 2936 vorticibus
428 2872 511 2935 circa
524 2870 637 2936 Jovem
652 2882 684 2934 et
700 2869 808 2935 Solem
822 2867 1055 2933 revolventibus
1076 2865 1266 2946 deferantur,
1290 2869 1451 2934 debebunt

153 2978 248 3042 etiam
261 2977 296 3041 hi
310 2979 442 3042 vortices
457 2976 567 3041 eidem
582 2976 652 3065 lege
666 2976 793 3042 revolvi.
839 2974 960 3041 Vertlm
974 2988 1117 3062 tempora
1129 2975 1289 3061 periodica
1313 2977 1450 3061 partium

152 3085 278 3150 vorticis
292 3085 477 3169 prodierunt
485 3085 518 3147 in
529 3084 649 3149 ratione
660 3083 819 3170 duplicati
831 3085 1049 3150 distantiarum
1060 3108 1080 3149 a
1090 3097 1197 3150 centro
1209 3098 1332 3151 motus:
1348 3109 1449 3174 nequo

152 3204 256 3279 potest
270 3193 350 3257 ratio
364 3193 418 3256 illa
432 3191 565 3256 diminui
579 3206 611 3258 et
624 3191 666 3257 ad
680 3194 835 3259 rationem
851 3193 1103 3280 sesquiplioatam
1118 3192 1236 3273 reduci,
1253 3191 1292 3280 (l)
1314 3195 1374 3260 nisi
1399 3195 1449 3261 vel

152 3366 235 3415 culum
251 3364 409 3422 describentis.
435 3366 505 3430 cujus
520 3364 639 3415 radius?
661 3367 686 3416 8.
722 3367 787 3416 Nam
852 3367 887 3432 (⁸)
900 3371 913 3398 ·
927 3367 1298 3426 Hatitasstabebuntinrase
1313 3367 1390 3431 rigido
1406 3379 1449 3419 aut

153 3441 247 3507 ternpus
262 3429 413 3491 periodicum,
431 3431 521 3506 emeris
537 3431 639 3492 paribus.
655 3432 738 3480 mestit
759 3443 787 3481 ut
818 3432 843 3478 irt
862 3432 938 3494 spatio
956 3431 1009 3508 aliis
1024 3432 1316 3510 vorticibusucircumdsto,
1333 3449 1381 3496 quo
1396 3442 1448 3510 ¹⁸¹3·

153 3496 262 3620 iiiiii
271 3494 786 3620 fflidffiissa‘lii'tmitt
818 3495 1061 3608 matriti.
1073 3498 1449 3611 iiiiiz’itiitiiit

152 3623 252 3685 proindd
263 3623 366 3671 materia
376 3624 494 3686 quantitas
512 3639 554 3685 per
570 3624 653 3672 latiora
669 3627 744 3686 spatis
759 3636 787 3673 ut
819 3625 986 3673 certationibus
996 3626 1108 3687 sequitur.
1144 3632 1164 3673 1.
1182 3625 1331 3673 Pisuetarum
1346 3626 1387 3688 qui
1403 3627 1448 3674 cir·

155 3689 176 3736 C
190 3691 220 3746 A,
232 3698 256 3736 et
266 3703 307 3749 per
317 3689 452 3751 sngusu'ora
462 3699 489 3736 ut
502 3689 522 3737 F
534 3689 570 3742 Η,
582 3689 654 3737 amul
668 3699 785 3747 traam
819 3687 848 3737 ci
860 3689 988 3738 canesimi
999 3690 1091 3737 vorticis
1101 3701 1208 3738 tentnrm
1224 3687 1306 3737 eidem
1324 3688 1376 3753 lega
1391 3705 1447 3738 cum

153 3764 244 3814 oportet
254 3762 282 3800 ut
292 3753 393 3800 matonis
404 3753 513 3801 velocitas
529 3754 554 3799 in
569 3754 650 3814 spatiis
665 3753 786 3802 latioribus
817 3754 909 3801 vorticis
919 3754 1022 3813 partibus
1031 3766 1162 3808 morentur,
1181 3753 1266 3803 orbitas
1281 3751 1310 3801 ed
1326 3754 1402 3817 magis
1417 3755 1448 3803 sd

153 3819 282 3872 minuatur.
299 3826 323 3864 et
339 3819 363 3864 in
381 3817 554 3879 angrrstioribus
569 3828 691 3881 augeatur.
728 3821 785 3874 Quo
816 3817 897 3865 circuli
910 3817 1010 3881 liguram
1020 3818 1130 3866 accedere
1140 3819 1224 3866 debere
1234 3833 1283 3881 quo
1297 3829 1377 3865 tenuo
1396 3834 1448 3866 ror-

147 3883 179 3928 ,fit
191 3892 218 3929 ut
228 3881 342 3942 particula
354 3881 536 3937 1²‚eods-rert
550 3890 655 3943 tempore
671 3883 785 3931 describat
816 3882 868 3930 titis
878 3883 996 3943 propiores
1006 3893 1076 3942 sunt3
1093 3892 1116 3930 et
1125 3879 1246 3944 proptered
1253 3883 1448 3931 excentricitstem

152 3947 250 3993 orbitam
269 3947 291 3993 B
315 3946 337 3994 Ρ
360 3947 384 3993 G
407 3946 437 4003 B,
459 3962 508 4008 quo
530 3946 651 3995 velocitate
673 3947 784 3995 mediocri
816 3947 897 3994 orbitas
909 3947 1022 3994 Mercurii
1034 3946 1104 4008 longi
1114 3948 1230 3994 minorem
1244 3961 1294 3994 aare
1312 3947 1449 3995 exceptrici-

152 4010 290 4058 deseriberet
300 4009 414 4058 circulum
426 4011 494 4073 cujus
505 4020 565 4058 esset
575 4011 654 4058 radius
665 4011 686 4059 Ρ
698 4013 721 4059 S.
816 4019 864 4058 tate
875 4011 956 4059 orbita
968 4011 1063 4059 Saturni
1073 4020 1097 4059 et
1111 4011 1219 4060 omnium
1235 4010 1382 4072 superiorum
1398 4011 1448 4073 pla·

185 4074 217 4139 (Υ)
230 4079 243 4104 ’
255 4078 337 4138 Neque
344 4078 550 4136 comparantia
559 4078 684 4124 reboans.
721 4076 785 4124 Nam
817 4086 933 4131 netarum
943 4075 1024 4124 contri
1034 4075 1204 4123 observationes
1212 4075 1382 4124 astronomicas.
1405 4077 1448 4125 Se·

153 4149 231 4186 sortes
243 4153 291 4186 oon
302 4148 378 4200 potest
387 4139 473 4186 esseio
483 4149 545 4187 statu
564 4140 711 4200 permanenti
727 4142 785 4202 quin
817 4140 898 4202 quitur
909 4146 930 4188 2.
942 4140 967 4187 in
986 4137 1123 4189 Cartedand
1138 4139 1259 4202 hypothesi
1275 4140 1384 4200 explicari
1399 4156 1448 4189 oon

153 4202 266 4264 particula
279 4203 307 4258 P,
320 4202 345 4249 in
356 4203 435 4264 spatiis
445 4205 618 4267 angustioribus
634 4203 700 4261 LN,
716 4205 736 4253 F
751 4205 785 4262 H,
817 4219 885 4265 posse
899 4219 943 4252 eur
958 4203 1058 4266 planete
1073 4204 1165 4266 ellipses
1179 4215 1306 4260 armanus,
1324 4220 1372 4252 non
1393 4204 1449 4266 verd

152 4266 183 4315 ad
194 4276 300 4315 oenoum
314 4267 451 4326 Sacoedat3
468 4280 492 4316 et
502 4266 556 4317 idad
568 4284 661 4317 neceoee
672 4278 707 4317 est
717 4280 744 4316 ut
760 4270 785 4316 in
817 4268 918 4317 droulos
927 4280 968 4316 aut
979 4268 1117 4332 irregulares
1131 4269 1218 4333 figuras
1233 4268 1370 4317 describant.
1407 4271 1449 4318 Ss-

153 4331 236 4378 iiadem
247 4330 327 4392 spatiis
337 4342 435 4380 conatus
445 4332 568 4380 recedendi
579 4350 594 4380 a
609 4344 690 4380 centro
704 4333 786 4381 minda
816 4333 898 4396 quitur
908 4339 932 4382 ὅ.
944 4334 1052 4381 omrtium
1063 4333 1191 4382 orbitarum
1201 4333 1293 4394 apbelia
1304 4343 1328 4380 et
1338 4334 1449 4394 peribolia

153 4404 268 4457 augeamr
277 4411 319 4456 per
329 4396 499 4445 incrementum
517 4398 651 4454 velocitatis,
666 4397 738 4460 quum
749 4397 785 4445 di·
817 4415 832 4446 a
844 4397 899 4446 Sole
909 4393 1011 4459 'spectata
1021 4398 1046 4444 in
1058 4397 1140 4445 iisdem
1148 4397 1277 4446 interires
1285 4397 1398 4446 locisesse
1406 4415 1450 4461 po-

153 4460 268 4508 minuitur
276 4459 498 4520 perdaeremeutum
506 4472 643 4510 cunnum.
668 4462 713 4509 Est
721 4462 785 4509 euim
817 4463 861 4510 sita
871 4461 943 4525 atqui
957 4461 1055 4510 immota
1069 4477 1180 4521 manem
1195 4461 1250 4510 cum
1267 4473 1346 4510 tamen
1361 4478 1390 4510 er
1406 4466 1449 4511 ob-

153 4526 188 4572 ris
197 4522 246 4599 qud
256 4524 369 4584 particula
381 4525 412 4583 P,
423 4527 449 4572 in
459 4525 512 4574 loeo
525 4527 556 4584 G,
569 4526 652 4574 nititur
662 4527 784 4602 adruunt-
817 4526 1247 4604 mationibussstronomiciscertum
1255 4527 1292 4584 sit,
1302 4528 1448 4588 planetarum

151 4587 786 4715 &gigioebidffmrspsgugdppsffimffiwoetzutn
817 4591 909 4719 ᾘώι
919 4607 934 4638 a
944 4607 969 4638 se
979 4605 1079 4639 rnvtoem
1090 4591 1161 4656 longe
1171 4591 1256 4640 distas
1266 4601 1290 4639 et
1301 4592 1365 4640 lento
1381 4603 1448 4640 motu

152 4717 257 4765 nuato
271 4715 716 4782 o,tnm.a(c01.r.r>ma1v.e
734 4731 782 4767 noe
851 4719 914 4784 (ψ
938 4720 1243 4771 mammeam
1257 4719 1395 4786 astum
1411 4723 1446 4770 a.

155 4780 331 4844 termut).
819 4784 1019 4847 (Ptemari.)
