<?xml version="1.0" encoding="UTF-8"?>
<!DOCTYPE html PUBLIC "-//W3C//DTD XHTML 1.0 Transitional//EN"
    "http://www.w3.org/TR/xhtml1/DTD/xhtml1-transitional.dtd">
<html xmlns="http://www.w3.org/1999/xhtml" xml:lang="en" lang="en">
 <head>
  <title>
</title>
<meta http-equiv="Content-Type" content="text/html;charset=utf-8" />
  <meta name='ocr-system' content='tesseract 3.04.00' />
  <meta name='ocr-capabilities' content='ocr_page ocr_carea ocr_par ocr_line ocrx_word'/>
</head>
<body>
  <div class='ocr_page' id='page_1' title='image "./philosophiaenat00newtgoog_0016.png"; bbox 0 0 3188 5444; ppageno 0'>
   <div class='ocr_carea' id='block_1_1' title="bbox 411 1073 1149 1154">
    <p class='ocr_par' dir='ltr' id='par_1_1' title="bbox 411 1073 1149 1154">
     <span class='ocr_line' id='line_1_1' title="bbox 411 1073 1149 1154; baseline 0.003 -2"><span class='ocrx_word' id='word_1_1' title='bbox 411 1073 758 1153; x_wconf 81' lang='lat' dir='ltr'><strong>AUCTORIS</strong></span> <span class='ocrx_word' id='word_1_2' title='bbox 786 1074 1149 1154; x_wconf 80' lang='lat' dir='ltr'><strong>PRAEFATIO</strong></span> 
     </span>
    </p>
   </div>
   <div class='ocr_carea' id='block_1_2' title="bbox 572 1560 1002 1661">
    <p class='ocr_par' dir='ltr' id='par_1_2' title="bbox 572 1560 1002 1661">
     <span class='ocr_line' id='line_1_2' title="bbox 572 1560 1002 1661; baseline -0.002 -3"><span class='ocrx_word' id='word_1_3' title='bbox 572 1560 1002 1661; x_wconf 84' lang='lat' dir='ltr'><strong>LECTOREM.</strong></span> 
     </span>
    </p>
   </div>
   <div class='ocr_carea' id='block_1_3' title="bbox 706 1855 871 1877">
    <p class='ocr_par' dir='ltr' id='par_1_3' title="bbox 706 1855 871 1877">
     <span class='ocr_line' id='line_1_3' title="bbox 706 1855 871 1877; baseline -0.012 0"><span class='ocrx_word' id='word_1_4' title='bbox 706 1855 871 1877; x_wconf 59' lang='grc' dir='ltr'><strong>ἊἎΜἊ</strong></span> 
     </span>
    </p>
   </div>
   <div class='ocr_carea' id='block_1_4' title="bbox 146 2053 1440 4777">
    <p class='ocr_par' dir='ltr' id='par_1_4' title="bbox 146 2053 1440 4777">
     <span class='ocr_line' id='line_1_4' title="bbox 149 2053 1434 2154; baseline 0.002 -15"><span class='ocrx_word' id='word_1_5' title='bbox 149 2053 250 2152; x_wconf 74' lang='lat' dir='ltr'><strong>Cum</strong></span> <span class='ocrx_word' id='word_1_6' title='bbox 264 2084 383 2138; x_wconf 87' lang='lat' dir='ltr'><strong>veteres</strong></span> <span class='ocrx_word' id='word_1_7' title='bbox 398 2069 614 2135; x_wconf 89' lang='lat' dir='ltr'><strong>Mechanicam</strong></span> <span class='ocrx_word' id='word_1_8' title='bbox 638 2070 697 2154; x_wconf 87' lang='lat' dir='ltr'><strong>(uti</strong></span> <span class='ocrx_word' id='word_1_9' title='bbox 712 2081 886 2133; x_wconf 89' lang='lat' dir='ltr'><strong>auctorest</strong></span> <span class='ocrx_word' id='word_1_10' title='bbox 902 2067 1040 2152; x_wconf 87' lang='lat' dir='ltr'><strong>Pappus)</strong></span> <span class='ocrx_word' id='word_1_11' title='bbox 1064 2069 1097 2134; x_wconf 90' lang='lat' dir='ltr'><strong>in</strong></span> <span class='ocrx_word' id='word_1_12' title='bbox 1118 2092 1223 2136; x_wconf 91' lang='lat' dir='ltr'><strong>rerum</strong></span> <span class='ocrx_word' id='word_1_13' title='bbox 1247 2076 1434 2141; x_wconf 81' lang='lat' dir='ltr'>naturalium</span> 
     </span>
     <span class='ocr_line' id='line_1_5' title="bbox 146 2174 1436 2266; baseline 0.003 -24"><span class='ocrx_word' id='word_1_14' title='bbox 146 2178 383 2266; x_wconf 80' lang='lat' dir='ltr'><strong>investigatione</strong></span> <span class='ocrx_word' id='word_1_15' title='bbox 397 2176 524 2240; x_wconf 86' lang='lat' dir='ltr'><strong>maximi</strong></span> <span class='ocrx_word' id='word_1_16' title='bbox 540 2174 688 2252; x_wconf 81' lang='lat' dir='ltr'><strong>fecerint3</strong></span> <span class='ocrx_word' id='word_1_17' title='bbox 711 2187 743 2239; x_wconf 89' lang='lat' dir='ltr'><strong>et</strong></span> <span class='ocrx_word' id='word_1_18' title='bbox 757 2175 956 2251; x_wconf 81' lang='lat' dir='ltr'><strong>recentiores,</strong></span> <span class='ocrx_word' id='word_1_19' title='bbox 972 2176 1073 2239; x_wconf 89' lang='lat' dir='ltr'><strong>missis</strong></span> <span class='ocrx_word' id='word_1_20' title='bbox 1095 2176 1203 2242; x_wconf 81' lang='lat' dir='ltr'><strong>formis</strong></span> <span class='ocrx_word' id='word_1_21' title='bbox 1226 2180 1436 2248; x_wconf 83' lang='lat' dir='ltr'><strong>substantiali·</strong></span> 
     </span>
     <span class='ocr_line' id='line_1_6' title="bbox 147 2281 1436 2372; baseline 0.004 -22"><span class='ocrx_word' id='word_1_22' title='bbox 147 2287 207 2350; x_wconf 87' lang='lat' dir='ltr'><strong>bus</strong></span> <span class='ocrx_word' id='word_1_23' title='bbox 221 2299 253 2350; x_wconf 87' lang='lat' dir='ltr'><strong>et</strong></span> <span class='ocrx_word' id='word_1_24' title='bbox 267 2284 465 2372; x_wconf 82' lang='lat' dir='ltr'><strong>qualitatibus</strong></span> <span class='ocrx_word' id='word_1_25' title='bbox 487 2283 626 2361; x_wconf 90' lang='lat' dir='ltr'><strong>occultis,</strong></span> <span class='ocrx_word' id='word_1_26' title='bbox 650 2281 859 2367; x_wconf 76' lang='lat' dir='ltr'><strong>phaenomena</strong></span> <span class='ocrx_word' id='word_1_27' title='bbox 881 2296 1002 2347; x_wconf 72' lang='lat' dir='ltr'><strong>naturae</strong></span> <span class='ocrx_word' id='word_1_28' title='bbox 1026 2284 1068 2349; x_wconf 89' lang='lat' dir='ltr'><strong>ad</strong></span> <span class='ocrx_word' id='word_1_29' title='bbox 1093 2285 1177 2372; x_wconf 84' lang='lat' dir='ltr'><strong>leges</strong></span> <span class='ocrx_word' id='word_1_30' title='bbox 1203 2287 1436 2355; x_wconf 87' lang='lat' dir='ltr'><strong>mathematicas</strong></span> 
     </span>
     <span class='ocr_line' id='line_1_7' title="bbox 148 2392 1437 2484; baseline 0.004 -26"><span class='ocrx_word' id='word_1_31' title='bbox 148 2417 293 2460; x_wconf 84' lang='lat' dir='ltr'><strong>revocare</strong></span> <span class='ocrx_word' id='word_1_32' title='bbox 308 2394 447 2482; x_wconf 81' lang='lat' dir='ltr'><strong>aggressi</strong></span> <span class='ocrx_word' id='word_1_33' title='bbox 463 2394 543 2458; x_wconf 89' lang='lat' dir='ltr'><strong>sint:</strong></span> <span class='ocrx_word' id='word_1_34' title='bbox 568 2393 668 2458; x_wconf 86' lang='lat' dir='ltr'><strong>visum</strong></span> <span class='ocrx_word' id='word_1_35' title='bbox 683 2393 776 2456; x_wconf 86' lang='lat' dir='ltr'><strong>estin</strong></span> <span class='ocrx_word' id='word_1_36' title='bbox 791 2392 852 2456; x_wconf 92' lang='lat' dir='ltr'><strong>hoc</strong></span> <span class='ocrx_word' id='word_1_37' title='bbox 867 2404 999 2457; x_wconf 87' lang='lat' dir='ltr'><strong>tractatu</strong></span> <span class='ocrx_word' id='word_1_38' title='bbox 1010 2394 1173 2458; x_wconf 82' lang='lat' dir='ltr'><strong>mathesim</strong></span> <span class='ocrx_word' id='word_1_39' title='bbox 1190 2396 1344 2476; x_wconf 84' lang='lat' dir='ltr'><strong>excolere,</strong></span> <span class='ocrx_word' id='word_1_40' title='bbox 1360 2398 1437 2484; x_wconf 80' lang='lat' dir='ltr'><strong>quir-</strong></span> 
     </span>
     <span class='ocr_line' id='line_1_8' title="bbox 148 2499 1437 2588; baseline 0.005 -21"><span class='ocrx_word' id='word_1_41' title='bbox 148 2515 239 2567; x_wconf 91' lang='lat' dir='ltr'><strong>tenus</strong></span> <span class='ocrx_word' id='word_1_42' title='bbox 254 2526 291 2568; x_wconf 89' lang='lat' dir='ltr'><strong>ea</strong></span> <span class='ocrx_word' id='word_1_43' title='bbox 313 2502 354 2568; x_wconf 89' lang='lat' dir='ltr'><strong>ad</strong></span> <span class='ocrx_word' id='word_1_44' title='bbox 375 2501 604 2587; x_wconf 77' lang='lat' dir='ltr'><strong>philosophiam</strong></span> <span class='ocrx_word' id='word_1_45' title='bbox 626 2512 753 2586; x_wconf 84' lang='lat' dir='ltr'><strong>spectat.</strong></span> <span class='ocrx_word' id='word_1_46' title='bbox 798 2499 1019 2565; x_wconf 86' lang='lat' dir='ltr'><strong>Mechanicam</strong></span> <span class='ocrx_word' id='word_1_47' title='bbox 1041 2502 1117 2567; x_wconf 79' lang='lat' dir='ltr'><strong>verb</strong></span> <span class='ocrx_word' id='word_1_48' title='bbox 1137 2503 1296 2588; x_wconf 88' lang='lat' dir='ltr'><strong>duplicem</strong></span> <span class='ocrx_word' id='word_1_49' title='bbox 1317 2520 1437 2573; x_wconf 85' lang='lat' dir='ltr'><strong>veteres</strong></span> 
     </span>
     <span class='ocr_line' id='line_1_9' title="bbox 148 2607 1439 2698; baseline 0.008 -26"><span class='ocrx_word' id='word_1_50' title='bbox 148 2609 390 2674; x_wconf 86' lang='lat' dir='ltr'><strong>constituerunt:</strong></span> <span class='ocrx_word' id='word_1_51' title='bbox 414 2608 608 2686; x_wconf 76' lang='lat' dir='ltr'><strong>rationalem,</strong></span> <span class='ocrx_word' id='word_1_52' title='bbox 625 2629 696 2695; x_wconf 86' lang='lat' dir='ltr'><strong>quoe</strong></span> <span class='ocrx_word' id='word_1_53' title='bbox 710 2629 768 2694; x_wconf 91' lang='lat' dir='ltr'><strong>per</strong></span> <span class='ocrx_word' id='word_1_54' title='bbox 782 2607 1063 2673; x_wconf 87' lang='lat' dir='ltr'><strong>demonstrationes</strong></span> <span class='ocrx_word' id='word_1_55' title='bbox 1078 2610 1223 2676; x_wconf 74' lang='lat' dir='ltr'><strong>accurate</strong></span> <span class='ocrx_word' id='word_1_56' title='bbox 1237 2614 1390 2698; x_wconf 85' lang='lat' dir='ltr'><strong>procedit,</strong></span> <span class='ocrx_word' id='word_1_57' title='bbox 1407 2629 1439 2682; x_wconf 89' lang='lat' dir='ltr'><strong>et</strong></span> 
     </span>
     <span class='ocr_line' id='line_1_10' title="bbox 147 2720 1437 2809; baseline -0.006 -23"><span class='ocrx_word' id='word_1_58' title='bbox 147 2722 327 2807; x_wconf 88' lang='lat' dir='ltr'><strong>practicam.</strong></span> <span class='ocrx_word' id='word_1_59' title='bbox 372 2720 427 2785; x_wconf 85' lang='lat' dir='ltr'><strong>Ad</strong></span> <span class='ocrx_word' id='word_1_60' title='bbox 439 2720 610 2806; x_wconf 82' lang='lat' dir='ltr'><strong>practicam</strong></span> <span class='ocrx_word' id='word_1_61' title='bbox 625 2729 767 2803; x_wconf 84' lang='lat' dir='ltr'><strong>spectant</strong></span> <span class='ocrx_word' id='word_1_62' title='bbox 780 2730 863 2782; x_wconf 89' lang='lat' dir='ltr'><strong>artes</strong></span> <span class='ocrx_word' id='word_1_63' title='bbox 883 2740 992 2782; x_wconf 90' lang='lat' dir='ltr'><strong>omnes</strong></span> <span class='ocrx_word' id='word_1_64' title='bbox 1008 2720 1177 2798; x_wconf 89' lang='lat' dir='ltr'><strong>manuales,</strong></span> <span class='ocrx_word' id='word_1_65' title='bbox 1201 2723 1355 2809; x_wconf 86' lang='lat' dir='ltr'><strong>aquibus</strong></span> <span class='ocrx_word' id='word_1_66' title='bbox 1377 2726 1437 2790; x_wconf 81' lang='lat' dir='ltr'><strong>uti.</strong></span> 
     </span>
     <span class='ocr_line' id='line_1_11' title="bbox 148 2826 1439 2915; baseline 0.005 -22"><span class='ocrx_word' id='word_1_67' title='bbox 148 2851 210 2915; x_wconf 90' lang='lat' dir='ltr'><strong>que</strong></span> <span class='ocrx_word' id='word_1_68' title='bbox 224 2828 406 2893; x_wconf 90' lang='lat' dir='ltr'><strong>mechanica</strong></span> <span class='ocrx_word' id='word_1_69' title='bbox 418 2849 533 2892; x_wconf 90' lang='lat' dir='ltr'><strong>nomen</strong></span> <span class='ocrx_word' id='word_1_70' title='bbox 548 2839 691 2891; x_wconf 86' lang='lat' dir='ltr'><strong>mutuata</strong></span> <span class='ocrx_word' id='word_1_71' title='bbox 704 2837 761 2890; x_wconf 82' lang='lat' dir='ltr'><strong>est</strong></span> <span class='ocrx_word' id='word_1_72' title='bbox 806 2826 890 2891; x_wconf 91' lang='lat' dir='ltr'><strong>Cum</strong></span> <span class='ocrx_word' id='word_1_73' title='bbox 904 2837 1010 2890; x_wconf 89' lang='lat' dir='ltr'><strong>autem</strong></span> <span class='ocrx_word' id='word_1_74' title='bbox 1021 2827 1155 2892; x_wconf 85' lang='lat' dir='ltr'><strong>artifices</strong></span> <span class='ocrx_word' id='word_1_75' title='bbox 1165 2828 1279 2914; x_wconf 74' lang='lat' dir='ltr'><strong>partlm</strong></span> <span class='ocrx_word' id='word_1_76' title='bbox 1294 2835 1439 2900; x_wconf 75' lang='lat' dir='ltr'><strong>scemate</strong></span> 
     </span>
     <span class='ocr_line' id='line_1_12' title="bbox 149 2935 1440 3028; baseline 0.005 -25"><span class='ocrx_word' id='word_1_77' title='bbox 149 2939 273 3028; x_wconf 86' lang='lat' dir='ltr'><strong>operari</strong></span> <span class='ocrx_word' id='word_1_78' title='bbox 287 2938 416 3016; x_wconf 82' lang='lat' dir='ltr'><strong>soleant,</strong></span> <span class='ocrx_word' id='word_1_79' title='bbox 432 2935 469 3001; x_wconf 89' lang='lat' dir='ltr'><strong>fit</strong></span> <span class='ocrx_word' id='word_1_80' title='bbox 483 2949 518 3000; x_wconf 90' lang='lat' dir='ltr'><strong>ut</strong></span> <span class='ocrx_word' id='word_1_81' title='bbox 536 2935 718 3000; x_wconf 89' lang='lat' dir='ltr'><strong>mechanica</strong></span> <span class='ocrx_word' id='word_1_82' title='bbox 738 2935 840 2999; x_wconf 89' lang='lat' dir='ltr'><strong>omnis</strong></span> <span class='ocrx_word' id='word_1_83' title='bbox 863 2958 883 2999; x_wconf 94' lang='lat' dir='ltr'><strong>a</strong></span> <span class='ocrx_word' id='word_1_84' title='bbox 904 2935 1074 3023; x_wconf 78' lang='lat' dir='ltr'><strong>geometrii</strong></span> <span class='ocrx_word' id='word_1_85' title='bbox 1096 2936 1141 3000; x_wconf 89' lang='lat' dir='ltr'><strong>ita</strong></span> <span class='ocrx_word' id='word_1_86' title='bbox 1161 2937 1381 3028; x_wconf 90' lang='lat' dir='ltr'><strong>distinguatur,</strong></span> <span class='ocrx_word' id='word_1_87' title='bbox 1405 2958 1440 3009; x_wconf 86' lang='lat' dir='ltr'><strong>ut</strong></span> 
     </span>
     <span class='ocr_line' id='line_1_13' title="bbox 149 3041 1439 3133; baseline 0.006 -24"><span class='ocrx_word' id='word_1_88' title='bbox 149 3044 298 3131; x_wconf 90' lang='lat' dir='ltr'><strong>quicquid</strong></span> <span class='ocrx_word' id='word_1_89' title='bbox 312 3056 491 3109; x_wconf 90' lang='lat' dir='ltr'><strong>accuratum</strong></span> <span class='ocrx_word' id='word_1_90' title='bbox 507 3044 547 3107; x_wconf 92' lang='lat' dir='ltr'><strong>sit</strong></span> <span class='ocrx_word' id='word_1_91' title='bbox 561 3042 602 3108; x_wconf 90' lang='lat' dir='ltr'><strong>ad</strong></span> <span class='ocrx_word' id='word_1_92' title='bbox 615 3043 820 3131; x_wconf 84' lang='lat' dir='ltr'><strong>geometriam</strong></span> <span class='ocrx_word' id='word_1_93' title='bbox 835 3041 999 3122; x_wconf 87' lang='lat' dir='ltr'><strong>referatur,</strong></span> <span class='ocrx_word' id='word_1_94' title='bbox 1016 3044 1165 3133; x_wconf 89' lang='lat' dir='ltr'><strong>quicquid</strong></span> <span class='ocrx_word' id='word_1_95' title='bbox 1184 3046 1289 3115; x_wconf 88' lang='lat' dir='ltr'><strong>mimis</strong></span> <span class='ocrx_word' id='word_1_96' title='bbox 1311 3073 1439 3117; x_wconf 90' lang='lat' dir='ltr'><strong>accura-</strong></span> 
     </span>
     <span class='ocr_line' id='line_1_14' title="bbox 148 3152 1437 3234; baseline 0.008 -16"><span class='ocrx_word' id='word_1_97' title='bbox 148 3165 216 3218; x_wconf 92' lang='lat' dir='ltr'><strong>tum</strong></span> <span class='ocrx_word' id='word_1_98' title='bbox 241 3152 283 3217; x_wconf 90' lang='lat' dir='ltr'><strong>ad</strong></span> <span class='ocrx_word' id='word_1_99' title='bbox 305 3153 529 3218; x_wconf 87' lang='lat' dir='ltr'><strong>mechanicum.</strong></span> <span class='ocrx_word' id='word_1_100' title='bbox 574 3155 724 3216; x_wconf 84' lang='lat' dir='ltr'><strong>Attamen</strong></span> <span class='ocrx_word' id='word_1_101' title='bbox 748 3174 870 3218; x_wconf 85' lang='lat' dir='ltr'><strong>errores</strong></span> <span class='ocrx_word' id='word_1_102' title='bbox 893 3175 959 3217; x_wconf 91' lang='lat' dir='ltr'><strong>non</strong></span> <span class='ocrx_word' id='word_1_103' title='bbox 984 3168 1058 3219; x_wconf 90' lang='lat' dir='ltr'><strong>sunt</strong></span> <span class='ocrx_word' id='word_1_104' title='bbox 1082 3157 1167 3234; x_wconf 88' lang='lat' dir='ltr'><strong>artis,</strong></span> <span class='ocrx_word' id='word_1_105' title='bbox 1195 3160 1250 3224; x_wconf 88' lang='lat' dir='ltr'><strong>sed</strong></span> <span class='ocrx_word' id='word_1_106' title='bbox 1273 3163 1437 3228; x_wconf 85' lang='lat' dir='ltr'><strong>artificum.</strong></span> 
     </span>
     <span class='ocr_line' id='line_1_15' title="bbox 150 3261 1438 3358; baseline 0.008 -31"><span class='ocrx_word' id='word_1_107' title='bbox 150 3264 217 3343; x_wconf 84' lang='lat' dir='ltr'><strong>Qui</strong></span> <span class='ocrx_word' id='word_1_108' title='bbox 230 3264 335 3328; x_wconf 81' lang='lat' dir='ltr'><strong>miuus</strong></span> <span class='ocrx_word' id='word_1_109' title='bbox 350 3263 494 3330; x_wconf 75' lang='lat' dir='ltr'><strong>accurate</strong></span> <span class='ocrx_word' id='word_1_110' title='bbox 508 3275 666 3349; x_wconf 90' lang='lat' dir='ltr'><strong>operatur,</strong></span> <span class='ocrx_word' id='word_1_111' title='bbox 682 3261 893 3347; x_wconf 85' lang='lat' dir='ltr'><strong>imperfectior</strong></span> <span class='ocrx_word' id='word_1_112' title='bbox 908 3277 955 3327; x_wconf 89' lang='lat' dir='ltr'><strong>est</strong></span> <span class='ocrx_word' id='word_1_113' title='bbox 971 3264 1181 3345; x_wconf 89' lang='lat' dir='ltr'><strong>mechanicus,</strong></span> <span class='ocrx_word' id='word_1_114' title='bbox 1197 3282 1229 3333; x_wconf 91' lang='lat' dir='ltr'><strong>et</strong></span> <span class='ocrx_word' id='word_1_115' title='bbox 1250 3271 1276 3333; x_wconf 91' lang='lat' dir='ltr'><strong>si</strong></span> <span class='ocrx_word' id='word_1_116' title='bbox 1297 3273 1367 3358; x_wconf 88' lang='lat' dir='ltr'><strong>quis</strong></span> <span class='ocrx_word' id='word_1_117' title='bbox 1387 3297 1438 3338; x_wconf 88' lang='lat' dir='ltr'><strong>ac·</strong></span> 
     </span>
     <span class='ocr_line' id='line_1_16' title="bbox 149 3371 1439 3461; baseline 0.005 -21"><span class='ocrx_word' id='word_1_118' title='bbox 149 3375 343 3441; x_wconf 72' lang='lat' dir='ltr'><strong>curatissime</strong></span> <span class='ocrx_word' id='word_1_119' title='bbox 357 3376 481 3460; x_wconf 89' lang='lat' dir='ltr'><strong>operari</strong></span> <span class='ocrx_word' id='word_1_120' title='bbox 494 3386 610 3460; x_wconf 85' lang='lat' dir='ltr'><strong>posset,</strong></span> <span class='ocrx_word' id='word_1_121' title='bbox 631 3373 684 3437; x_wconf 89' lang='lat' dir='ltr'><strong>hic</strong></span> <span class='ocrx_word' id='word_1_122' title='bbox 705 3371 786 3436; x_wconf 80' lang='lat' dir='ltr'><strong>foret</strong></span> <span class='ocrx_word' id='word_1_123' title='bbox 806 3372 1006 3437; x_wconf 89' lang='lat' dir='ltr'><strong>mechanicus</strong></span> <span class='ocrx_word' id='word_1_124' title='bbox 1028 3376 1169 3439; x_wconf 89' lang='lat' dir='ltr'><strong>omnium</strong></span> <span class='ocrx_word' id='word_1_125' title='bbox 1189 3377 1439 3461; x_wconf 80' lang='lat' dir='ltr'><strong>perfectissimus,</strong></span> 
     </span>
     <span class='ocr_line' id='line_1_17' title="bbox 150 3479 1440 3576; baseline 0.002 -28"><span class='ocrx_word' id='word_1_126' title='bbox 150 3483 236 3547; x_wconf 86' lang='lat' dir='ltr'><strong>Nam</strong></span> <span class='ocrx_word' id='word_1_127' title='bbox 250 3495 283 3548; x_wconf 88' lang='lat' dir='ltr'><strong>et</strong></span> <span class='ocrx_word' id='word_1_128' title='bbox 295 3483 448 3547; x_wconf 89' lang='lat' dir='ltr'><strong>linearum</strong></span> <span class='ocrx_word' id='word_1_129' title='bbox 462 3494 618 3546; x_wconf 86' lang='lat' dir='ltr'><strong>rectarum</strong></span> <span class='ocrx_word' id='word_1_130' title='bbox 633 3492 665 3544; x_wconf 94' lang='lat' dir='ltr'><strong>et</strong></span> <span class='ocrx_word' id='word_1_131' title='bbox 679 3479 868 3544; x_wconf 90' lang='lat' dir='ltr'><strong>circulorum</strong></span> <span class='ocrx_word' id='word_1_132' title='bbox 883 3479 1116 3566; x_wconf 88' lang='lat' dir='ltr'><strong>descriptiones,</strong></span> <span class='ocrx_word' id='word_1_133' title='bbox 1138 3483 1170 3546; x_wconf 91' lang='lat' dir='ltr'><strong>in</strong></span> <span class='ocrx_word' id='word_1_134' title='bbox 1185 3486 1299 3571; x_wconf 91' lang='lat' dir='ltr'><strong>quibus</strong></span> <span class='ocrx_word' id='word_1_135' title='bbox 1312 3512 1440 3576; x_wconf 78' lang='lat' dir='ltr'><strong>geome-</strong></span> 
     </span>
     <span class='ocr_line' id='line_1_18' title="bbox 150 3587 1440 3686; baseline 0.005 -31"><span class='ocrx_word' id='word_1_136' title='bbox 150 3593 211 3656; x_wconf 86' lang='lat' dir='ltr'><strong>tria</strong></span> <span class='ocrx_word' id='word_1_137' title='bbox 224 3590 383 3667; x_wconf 84' lang='lat' dir='ltr'><strong>iimdatur,</strong></span> <span class='ocrx_word' id='word_1_138' title='bbox 400 3589 441 3655; x_wconf 86' lang='lat' dir='ltr'><strong>ad</strong></span> <span class='ocrx_word' id='word_1_139' title='bbox 456 3588 669 3654; x_wconf 87' lang='lat' dir='ltr'><strong>mechanicam</strong></span> <span class='ocrx_word' id='word_1_140' title='bbox 690 3587 858 3672; x_wconf 90' lang='lat' dir='ltr'><strong>pertinent.</strong></span> <span class='ocrx_word' id='word_1_141' title='bbox 903 3587 975 3652; x_wconf 88' lang='lat' dir='ltr'><strong>Has</strong></span> <span class='ocrx_word' id='word_1_142' title='bbox 996 3588 1094 3653; x_wconf 90' lang='lat' dir='ltr'><strong>lineas</strong></span> <span class='ocrx_word' id='word_1_143' title='bbox 1115 3590 1292 3660; x_wconf 88' lang='lat' dir='ltr'><strong>describere</strong></span> <span class='ocrx_word' id='word_1_144' title='bbox 1313 3621 1440 3686; x_wconf 86' lang='lat' dir='ltr'><strong>geome-</strong></span> 
     </span>
     <span class='ocr_line' id='line_1_19' title="bbox 150 3697 1440 3787; baseline 0.007 -22"><span class='ocrx_word' id='word_1_145' title='bbox 150 3703 212 3766; x_wconf 87' lang='lat' dir='ltr'><strong>tria</strong></span> <span class='ocrx_word' id='word_1_146' title='bbox 232 3723 297 3766; x_wconf 90' lang='lat' dir='ltr'><strong>non</strong></span> <span class='ocrx_word' id='word_1_147' title='bbox 318 3700 419 3777; x_wconf 90' lang='lat' dir='ltr'><strong>docet,</strong></span> <span class='ocrx_word' id='word_1_148' title='bbox 443 3700 499 3764; x_wconf 89' lang='lat' dir='ltr'><strong>sed</strong></span> <span class='ocrx_word' id='word_1_149' title='bbox 519 3698 667 3783; x_wconf 90' lang='lat' dir='ltr'><strong>postulat.</strong></span> <span class='ocrx_word' id='word_1_150' title='bbox 713 3697 858 3762; x_wconf 87' lang='lat' dir='ltr'><strong>Postulat</strong></span> <span class='ocrx_word' id='word_1_151' title='bbox 883 3699 967 3762; x_wconf 89' lang='lat' dir='ltr'><strong>enim</strong></span> <span class='ocrx_word' id='word_1_152' title='bbox 991 3713 1028 3764; x_wconf 92' lang='lat' dir='ltr'><strong>ut</strong></span> <span class='ocrx_word' id='word_1_153' title='bbox 1052 3714 1123 3787; x_wconf 90' lang='lat' dir='ltr'><strong>tyro</strong></span> <span class='ocrx_word' id='word_1_154' title='bbox 1146 3705 1271 3769; x_wconf 85' lang='lat' dir='ltr'><strong>easdem</strong></span> <span class='ocrx_word' id='word_1_155' title='bbox 1296 3711 1440 3776; x_wconf 79' lang='lat' dir='ltr'><strong>accurate</strong></span> 
     </span>
     <span class='ocr_line' id='line_1_20' title="bbox 150 3805 1440 3903; baseline 0.009 -29"><span class='ocrx_word' id='word_1_156' title='bbox 150 3808 327 3874; x_wconf 87' lang='lat' dir='ltr'><strong>describere</strong></span> <span class='ocrx_word' id='word_1_157' title='bbox 340 3807 428 3892; x_wconf 91' lang='lat' dir='ltr'><strong>prius</strong></span> <span class='ocrx_word' id='word_1_158' title='bbox 442 3806 595 3882; x_wconf 90' lang='lat' dir='ltr'><strong>didicerit,</strong></span> <span class='ocrx_word' id='word_1_159' title='bbox 612 3826 706 3892; x_wconf 92' lang='lat' dir='ltr'><strong>quam</strong></span> <span class='ocrx_word' id='word_1_160' title='bbox 721 3805 816 3869; x_wconf 89' lang='lat' dir='ltr'><strong>limen</strong></span> <span class='ocrx_word' id='word_1_161' title='bbox 831 3806 964 3894; x_wconf 87' lang='lat' dir='ltr'><strong>attingat</strong></span> <span class='ocrx_word' id='word_1_162' title='bbox 973 3809 1173 3894; x_wconf 81' lang='lat' dir='ltr'><strong>geometriae3</strong></span> <span class='ocrx_word' id='word_1_163' title='bbox 1196 3812 1269 3877; x_wconf 91' lang='lat' dir='ltr'><strong>dein</strong></span> <span class='ocrx_word' id='word_1_164' title='bbox 1280 3820 1440 3903; x_wconf 91' lang='lat' dir='ltr'><strong>quomodo</strong></span> 
     </span>
     <span class='ocr_line' id='line_1_21' title="bbox 150 3912 1439 4001; baseline 0.009 -22"><span class='ocrx_word' id='word_1_165' title='bbox 150 3937 207 4001; x_wconf 91' lang='lat' dir='ltr'><strong>per</strong></span> <span class='ocrx_word' id='word_1_166' title='bbox 220 3916 278 3979; x_wconf 92' lang='lat' dir='ltr'><strong>has</strong></span> <span class='ocrx_word' id='word_1_167' title='bbox 293 3913 488 3999; x_wconf 89' lang='lat' dir='ltr'><strong>operationes</strong></span> <span class='ocrx_word' id='word_1_168' title='bbox 509 3913 705 3999; x_wconf 90' lang='lat' dir='ltr'><strong>problemata</strong></span> <span class='ocrx_word' id='word_1_169' title='bbox 726 3912 896 3990; x_wconf 87' lang='lat' dir='ltr'><strong>solvantur,</strong></span> <span class='ocrx_word' id='word_1_170' title='bbox 920 3913 1032 3991; x_wconf 83' lang='lat' dir='ltr'><strong>docet3</strong></span> <span class='ocrx_word' id='word_1_171' title='bbox 1054 3929 1154 3980; x_wconf 90' lang='lat' dir='ltr'><strong>rectas</strong></span> <span class='ocrx_word' id='word_1_172' title='bbox 1175 3933 1208 3983; x_wconf 89' lang='lat' dir='ltr'><strong>et</strong></span> <span class='ocrx_word' id='word_1_173' title='bbox 1229 3922 1361 3989; x_wconf 90' lang='lat' dir='ltr'><strong>circulos</strong></span> <span class='ocrx_word' id='word_1_174' title='bbox 1383 3926 1439 3990; x_wconf 88' lang='lat' dir='ltr'><strong>de·</strong></span> 
     </span>
     <span class='ocr_line' id='line_1_22' title="bbox 150 4023 1438 4117; baseline 0.007 -27"><span class='ocrx_word' id='word_1_175' title='bbox 150 4026 286 4090; x_wconf 90' lang='lat' dir='ltr'><strong>scribere</strong></span> <span class='ocrx_word' id='word_1_176' title='bbox 299 4025 494 4111; x_wconf 87' lang='lat' dir='ltr'><strong>problemata</strong></span> <span class='ocrx_word' id='word_1_177' title='bbox 505 4036 587 4100; x_wconf 86' lang='lat' dir='ltr'><strong>sunt,</strong></span> <span class='ocrx_word' id='word_1_178' title='bbox 610 4023 666 4087; x_wconf 89' lang='lat' dir='ltr'><strong>sed</strong></span> <span class='ocrx_word' id='word_1_179' title='bbox 680 4045 745 4087; x_wconf 91' lang='lat' dir='ltr'><strong>non</strong></span> <span class='ocrx_word' id='word_1_180' title='bbox 759 4024 959 4111; x_wconf 85' lang='lat' dir='ltr'><strong>geometrica.</strong></span> <span class='ocrx_word' id='word_1_181' title='bbox 1004 4024 1055 4088; x_wconf 89' lang='lat' dir='ltr'><strong>Ex</strong></span> <span class='ocrx_word' id='word_1_182' title='bbox 1069 4026 1250 4095; x_wconf 90' lang='lat' dir='ltr'><strong>mechanica</strong></span> <span class='ocrx_word' id='word_1_183' title='bbox 1263 4035 1438 4117; x_wconf 90' lang='lat' dir='ltr'><strong>postulatur</strong></span> 
     </span>
     <span class='ocr_line' id='line_1_23' title="bbox 149 4130 1437 4228; baseline 0.007 -31"><span class='ocrx_word' id='word_1_184' title='bbox 149 4133 264 4197; x_wconf 88' lang='lat' dir='ltr'><strong>horum</strong></span> <span class='ocrx_word' id='word_1_185' title='bbox 279 4132 402 4210; x_wconf 84' lang='lat' dir='ltr'><strong>solutio,</strong></span> <span class='ocrx_word' id='word_1_186' title='bbox 419 4133 451 4194; x_wconf 90' lang='lat' dir='ltr'><strong>in</strong></span> <span class='ocrx_word' id='word_1_187' title='bbox 465 4130 637 4219; x_wconf 88' lang='lat' dir='ltr'><strong>geometria</strong></span> <span class='ocrx_word' id='word_1_188' title='bbox 648 4130 778 4194; x_wconf 89' lang='lat' dir='ltr'><strong>docetur</strong></span> <span class='ocrx_word' id='word_1_189' title='bbox 793 4130 965 4195; x_wconf 89' lang='lat' dir='ltr'><strong>solutorum</strong></span> <span class='ocrx_word' id='word_1_190' title='bbox 977 4154 1061 4195; x_wconf 87' lang='lat' dir='ltr'><strong>usus.</strong></span> <span class='ocrx_word' id='word_1_191' title='bbox 1092 4134 1142 4198; x_wconf 84' lang='lat' dir='ltr'><strong>Ac</strong></span> <span class='ocrx_word' id='word_1_192' title='bbox 1150 4135 1302 4222; x_wconf 89' lang='lat' dir='ltr'><strong>gloriatur</strong></span> <span class='ocrx_word' id='word_1_193' title='bbox 1311 4164 1437 4228; x_wconf 89' lang='lat' dir='ltr'><strong>geome-</strong></span> 
     </span>
     <span class='ocr_line' id='line_1_24' title="bbox 151 4240 1437 4331; baseline 0.007 -24"><span class='ocrx_word' id='word_1_194' title='bbox 151 4244 213 4307; x_wconf 89' lang='lat' dir='ltr'><strong>tria</strong></span> <span class='ocrx_word' id='word_1_195' title='bbox 220 4242 306 4329; x_wconf 90' lang='lat' dir='ltr'><strong>quod</strong></span> <span class='ocrx_word' id='word_1_196' title='bbox 316 4255 378 4306; x_wconf 89' lang='lat' dir='ltr'><strong>tam</strong></span> <span class='ocrx_word' id='word_1_197' title='bbox 390 4242 499 4328; x_wconf 87' lang='lat' dir='ltr'><strong>paucis</strong></span> <span class='ocrx_word' id='word_1_198' title='bbox 508 4241 669 4326; x_wconf 89' lang='lat' dir='ltr'><strong>principiis</strong></span> <span class='ocrx_word' id='word_1_199' title='bbox 679 4240 804 4305; x_wconf 91' lang='lat' dir='ltr'><strong>aliunde</strong></span> <span class='ocrx_word' id='word_1_200' title='bbox 814 4241 920 4327; x_wconf 88' lang='lat' dir='ltr'><strong>petitis</strong></span> <span class='ocrx_word' id='word_1_201' title='bbox 931 4254 994 4306; x_wconf 89' lang='lat' dir='ltr'><strong>tam</strong></span> <span class='ocrx_word' id='word_1_202' title='bbox 1006 4241 1105 4307; x_wconf 89' lang='lat' dir='ltr'><strong>multa</strong></span> <span class='ocrx_word' id='word_1_203' title='bbox 1112 4260 1249 4331; x_wconf 85' lang='lat' dir='ltr'><strong>praestet.</strong></span> <span class='ocrx_word' id='word_1_204' title='bbox 1275 4249 1437 4318; x_wconf 84' lang='lat' dir='ltr'><strong>Fundetur</strong></span> 
     </span>
     <span class='ocr_line' id='line_1_25' title="bbox 151 4347 1438 4439; baseline 0.008 -25"><span class='ocrx_word' id='word_1_205' title='bbox 151 4350 248 4439; x_wconf 84' lang='lat' dir='ltr'><strong>igitur</strong></span> <span class='ocrx_word' id='word_1_206' title='bbox 261 4350 434 4438; x_wconf 88' lang='lat' dir='ltr'><strong>geometria</strong></span> <span class='ocrx_word' id='word_1_207' title='bbox 448 4349 481 4413; x_wconf 92' lang='lat' dir='ltr'><strong>in</strong></span> <span class='ocrx_word' id='word_1_208' title='bbox 495 4349 586 4432; x_wconf 87' lang='lat' dir='ltr'><strong>praxi</strong></span> <span class='ocrx_word' id='word_1_209' title='bbox 601 4347 791 4425; x_wconf 88' lang='lat' dir='ltr'><strong>mechanica,</strong></span> <span class='ocrx_word' id='word_1_210' title='bbox 808 4359 840 4410; x_wconf 89' lang='lat' dir='ltr'><strong>et</strong></span> <span class='ocrx_word' id='word_1_211' title='bbox 861 4347 938 4411; x_wconf 92' lang='lat' dir='ltr'><strong>nihil</strong></span> <span class='ocrx_word' id='word_1_212' title='bbox 960 4348 1046 4413; x_wconf 89' lang='lat' dir='ltr'><strong>aliud</strong></span> <span class='ocrx_word' id='word_1_213' title='bbox 1067 4365 1114 4415; x_wconf 93' lang='lat' dir='ltr'><strong>est</strong></span> <span class='ocrx_word' id='word_1_214' title='bbox 1133 4374 1226 4438; x_wconf 89' lang='lat' dir='ltr'><strong>quam</strong></span> <span class='ocrx_word' id='word_1_215' title='bbox 1249 4357 1438 4425; x_wconf 75' lang='lat' dir='ltr'><strong>mechanicae</strong></span> 
     </span>
     <span class='ocr_line' id='line_1_26' title="bbox 152 4454 1438 4544; baseline 0.007 -21"><span class='ocrx_word' id='word_1_216' title='bbox 152 4458 334 4524; x_wconf 86' lang='lat' dir='ltr'><strong>universalis</strong></span> <span class='ocrx_word' id='word_1_217' title='bbox 347 4479 421 4543; x_wconf 87' lang='lat' dir='ltr'><strong>pars</strong></span> <span class='ocrx_word' id='word_1_218' title='bbox 436 4456 498 4534; x_wconf 90' lang='lat' dir='ltr'><strong>illa,</strong></span> <span class='ocrx_word' id='word_1_219' title='bbox 515 4477 586 4543; x_wconf 83' lang='lat' dir='ltr'><strong>quae</strong></span> <span class='ocrx_word' id='word_1_220' title='bbox 601 4469 700 4519; x_wconf 91' lang='lat' dir='ltr'><strong>artem</strong></span> <span class='ocrx_word' id='word_1_221' title='bbox 715 4454 917 4519; x_wconf 91' lang='lat' dir='ltr'><strong>mensurandi</strong></span> <span class='ocrx_word' id='word_1_222' title='bbox 930 4455 1074 4520; x_wconf 75' lang='lat' dir='ltr'><strong>accurate</strong></span> <span class='ocrx_word' id='word_1_223' title='bbox 1095 4460 1243 4544; x_wconf 89' lang='lat' dir='ltr'><strong>proponit</strong></span> <span class='ocrx_word' id='word_1_224' title='bbox 1257 4484 1294 4526; x_wconf 90' lang='lat' dir='ltr'><strong>ac</strong></span> <span class='ocrx_word' id='word_1_225' title='bbox 1308 4463 1438 4532; x_wconf 92' lang='lat' dir='ltr'><strong>demon-</strong></span> 
     </span>
     <span class='ocr_line' id='line_1_27' title="bbox 151 4564 1439 4658; baseline -0.003 -24"><span class='ocrx_word' id='word_1_226' title='bbox 151 4581 237 4634; x_wconf 87' lang='lat' dir='ltr'><strong>strat</strong></span> <span class='ocrx_word' id='word_1_227' title='bbox 283 4566 365 4632; x_wconf 91' lang='lat' dir='ltr'><strong>Cum</strong></span> <span class='ocrx_word' id='word_1_228' title='bbox 380 4579 484 4631; x_wconf 90' lang='lat' dir='ltr'><strong>autem</strong></span> <span class='ocrx_word' id='word_1_229' title='bbox 499 4577 580 4629; x_wconf 90' lang='lat' dir='ltr'><strong>artes</strong></span> <span class='ocrx_word' id='word_1_230' title='bbox 595 4564 754 4630; x_wconf 87' lang='lat' dir='ltr'><strong>manuales</strong></span> <span class='ocrx_word' id='word_1_231' title='bbox 769 4564 801 4627; x_wconf 91' lang='lat' dir='ltr'><strong>in</strong></span> <span class='ocrx_word' id='word_1_232' title='bbox 816 4565 999 4649; x_wconf 88' lang='lat' dir='ltr'><strong>corporibus</strong></span> <span class='ocrx_word' id='word_1_233' title='bbox 1014 4569 1176 4632; x_wconf 83' lang='lat' dir='ltr'><strong>movendis</strong></span> <span class='ocrx_word' id='word_1_234' title='bbox 1196 4573 1355 4658; x_wconf 66' lang='lat' dir='ltr'><strong>praecipue</strong></span> <span class='ocrx_word' id='word_1_235' title='bbox 1369 4601 1439 4642; x_wconf 72' lang='lat' dir='ltr'><strong>ver.</strong></span> 
     </span>
     <span class='ocr_line' id='line_1_28' title="bbox 153 4673 1439 4777; baseline 0.004 -33"><span class='ocrx_word' id='word_1_236' title='bbox 153 4693 270 4756; x_wconf 90' lang='lat' dir='ltr'><strong>sentur,</strong></span> <span class='ocrx_word' id='word_1_237' title='bbox 287 4678 323 4740; x_wconf 84' lang='lat' dir='ltr'><strong>fit</strong></span> <span class='ocrx_word' id='word_1_238' title='bbox 337 4687 373 4740; x_wconf 90' lang='lat' dir='ltr'><strong>ut</strong></span> <span class='ocrx_word' id='word_1_239' title='bbox 386 4674 558 4764; x_wconf 86' lang='lat' dir='ltr'><strong>geometria</strong></span> <span class='ocrx_word' id='word_1_240' title='bbox 579 4673 620 4740; x_wconf 93' lang='lat' dir='ltr'><strong>ad</strong></span> <span class='ocrx_word' id='word_1_241' title='bbox 643 4674 900 4762; x_wconf 89' lang='lat' dir='ltr'><strong>magnitudinem,</strong></span> <span class='ocrx_word' id='word_1_242' title='bbox 928 4676 1109 4743; x_wconf 88' lang='lat' dir='ltr'><strong>mechanica</strong></span> <span class='ocrx_word' id='word_1_243' title='bbox 1133 4678 1174 4744; x_wconf 93' lang='lat' dir='ltr'><strong>ad</strong></span> <span class='ocrx_word' id='word_1_244' title='bbox 1199 4694 1319 4749; x_wconf 88' lang='lat' dir='ltr'><strong>motum</strong></span> <span class='ocrx_word' id='word_1_245' title='bbox 1345 4688 1439 4777; x_wconf 81' lang='lat' dir='ltr'><strong>vulgo</strong></span> 
     </span>
    </p>
   </div>
   <div class='ocr_carea' id='block_1_5' title="bbox 0 0 1609 5444">
    <p class='ocr_par' dir='ltr' id='par_1_5' title="bbox 0 0 1609 5444">
     <span class='ocr_line' id='line_1_29' title="bbox 0 0 1609 5444; baseline 0 0"><span class='ocrx_word' id='word_1_246' title='bbox 0 0 1609 5444; x_wconf 95' lang='lat' dir='ltr'><strong> </strong></span> 
     </span>
    </p>
   </div>
  </div>
 </body>
</html>
